%YAML 1.1
%TAG !u! tag:unity3d.com,2011:
--- !u!29 &1
OcclusionCullingSettings:
  m_ObjectHideFlags: 0
  serializedVersion: 2
  m_OcclusionBakeSettings:
    smallestOccluder: 5
    smallestHole: 0.25
    backfaceThreshold: 100
  m_SceneGUID: 00000000000000000000000000000000
  m_OcclusionCullingData: {fileID: 0}
--- !u!104 &2
RenderSettings:
  m_ObjectHideFlags: 0
  serializedVersion: 9
  m_Fog: 0
  m_FogColor: {r: 0.5, g: 0.5, b: 0.5, a: 1}
  m_FogMode: 3
  m_FogDensity: 0.01
  m_LinearFogStart: 0
  m_LinearFogEnd: 300
  m_AmbientSkyColor: {r: 0.4056604, g: 0.4056604, b: 0.4056604, a: 1}
  m_AmbientEquatorColor: {r: 0.114, g: 0.125, b: 0.133, a: 1}
  m_AmbientGroundColor: {r: 0.047, g: 0.043, b: 0.035, a: 1}
  m_AmbientIntensity: 1
  m_AmbientMode: 0
  m_SubtractiveShadowColor: {r: 0.42, g: 0.478, b: 0.627, a: 1}
  m_SkyboxMaterial: {fileID: 0}
  m_HaloStrength: 0.5
  m_FlareStrength: 1
  m_FlareFadeSpeed: 3
  m_HaloTexture: {fileID: 0}
  m_SpotCookie: {fileID: 10001, guid: 0000000000000000e000000000000000, type: 0}
  m_DefaultReflectionMode: 0
  m_DefaultReflectionResolution: 128
  m_ReflectionBounces: 1
  m_ReflectionIntensity: 1
  m_CustomReflection: {fileID: 0}
  m_Sun: {fileID: 0}
  m_IndirectSpecularColor: {r: 0, g: 0, b: 0, a: 1}
  m_UseRadianceAmbientProbe: 0
--- !u!157 &3
LightmapSettings:
  m_ObjectHideFlags: 0
  serializedVersion: 11
  m_GIWorkflowMode: 0
  m_GISettings:
    serializedVersion: 2
    m_BounceScale: 1
    m_IndirectOutputScale: 1
    m_AlbedoBoost: 1
    m_EnvironmentLightingMode: 0
    m_EnableBakedLightmaps: 0
    m_EnableRealtimeLightmaps: 0
  m_LightmapEditorSettings:
    serializedVersion: 12
    m_Resolution: 2
    m_BakeResolution: 40
    m_AtlasSize: 1024
    m_AO: 0
    m_AOMaxDistance: 1
    m_CompAOExponent: 1
    m_CompAOExponentDirect: 0
    m_ExtractAmbientOcclusion: 0
    m_Padding: 2
    m_LightmapParameters: {fileID: 0}
    m_LightmapsBakeMode: 1
    m_TextureCompression: 1
    m_FinalGather: 0
    m_FinalGatherFiltering: 1
    m_FinalGatherRayCount: 256
    m_ReflectionCompression: 2
    m_MixedBakeMode: 1
    m_BakeBackend: 1
    m_PVRSampling: 1
    m_PVRDirectSampleCount: 32
    m_PVRSampleCount: 512
    m_PVRBounces: 2
    m_PVREnvironmentSampleCount: 256
    m_PVREnvironmentReferencePointCount: 2048
    m_PVRFilteringMode: 1
    m_PVRDenoiserTypeDirect: 1
    m_PVRDenoiserTypeIndirect: 1
    m_PVRDenoiserTypeAO: 1
    m_PVRFilterTypeDirect: 0
    m_PVRFilterTypeIndirect: 0
    m_PVRFilterTypeAO: 0
    m_PVREnvironmentMIS: 1
    m_PVRCulling: 1
    m_PVRFilteringGaussRadiusDirect: 1
    m_PVRFilteringGaussRadiusIndirect: 5
    m_PVRFilteringGaussRadiusAO: 2
    m_PVRFilteringAtrousPositionSigmaDirect: 0.5
    m_PVRFilteringAtrousPositionSigmaIndirect: 2
    m_PVRFilteringAtrousPositionSigmaAO: 1
    m_ExportTrainingData: 0
    m_TrainingDataDestination: TrainingData
    m_LightProbeSampleCountMultiplier: 4
  m_LightingDataAsset: {fileID: 0}
  m_UseShadowmask: 0
--- !u!196 &4
NavMeshSettings:
  serializedVersion: 2
  m_ObjectHideFlags: 0
  m_BuildSettings:
    serializedVersion: 2
    agentTypeID: 0
    agentRadius: 0.5
    agentHeight: 2
    agentSlope: 45
    agentClimb: 0.4
    ledgeDropHeight: 0
    maxJumpAcrossDistance: 0
    minRegionArea: 2
    manualCellSize: 0
    cellSize: 0.16666667
    manualTileSize: 0
    tileSize: 256
    accuratePlacement: 0
    debug:
      m_Flags: 0
  m_NavMeshData: {fileID: 0}
--- !u!1 &136563726
GameObject:
  m_ObjectHideFlags: 0
  m_CorrespondingSourceObject: {fileID: 0}
  m_PrefabInstance: {fileID: 0}
  m_PrefabAsset: {fileID: 0}
  serializedVersion: 6
  m_Component:
  - component: {fileID: 136563728}
  - component: {fileID: 136563727}
  m_Layer: 0
  m_Name: AD Properties Controller
  m_TagString: Untagged
  m_Icon: {fileID: 0}
  m_NavMeshLayer: 0
  m_StaticEditorFlags: 0
  m_IsActive: 1
--- !u!114 &136563727
MonoBehaviour:
  m_ObjectHideFlags: 0
  m_CorrespondingSourceObject: {fileID: 0}
  m_PrefabInstance: {fileID: 0}
  m_PrefabAsset: {fileID: 0}
  m_GameObject: {fileID: 136563726}
  m_Enabled: 1
  m_EditorHideFlags: 0
  m_Script: {fileID: 11500000, guid: 483b807ffb020c943abd58c5f25e7ffe, type: 3}
  m_Name: 
  m_EditorClassIdentifier: 
  globalControlID: 0
  materials:
  - {fileID: 2100000, guid: c3c084290ce305d4bb5a7bd2c94b68da, type: 2}
  - {fileID: 2100000, guid: 0a912b563420de147828aee5fb6148da, type: 2}
  - {fileID: 2100000, guid: cb3262187eb1ac64cb9b6829246f7907, type: 2}
  - {fileID: 2100000, guid: 509fc16fb26e4e647bb128d95cbfd187, type: 2}
  - {fileID: 2100000, guid: 94b171b990f48e94f88dffe53ec3cb0a, type: 2}
  - {fileID: 2100000, guid: 18e1983139e54d6448d2882f9696b992, type: 2}
  - {fileID: 2100000, guid: 8e588133e20dc764cb4d246e85ca2774, type: 2}
  - {fileID: 2100000, guid: 1e26faa008672604b980f2df55aa6ed2, type: 2}
  - {fileID: 2100000, guid: c6010fd8a9033e94399bc3b59a4be473, type: 2}
  - {fileID: 2100000, guid: ea94bc05f4e812349a43dff1264c21ec, type: 2}
  - {fileID: 2100000, guid: cd07d8a28e2acb9468ecb30a6f45820b, type: 2}
  - {fileID: 2100000, guid: 3d92c13a401928e4da7e22e76225a5bc, type: 2}
  updateMode: 2
  cutoutStandard:
    clip: 0
    map1: {fileID: 2800000, guid: 15156bfb2d3680b42b640ccf7d864400, type: 3}
    map1Tiling: {x: 1, y: 1, z: 1}
    map1Offset: {x: 0, y: 0, z: 0}
    map1Scroll: {x: 0, y: 0, z: 0}
    map1Intensity: 1
    map1Channel: 3
    map1Invert: 0
    map2: {fileID: 0}
    map2Tiling: {x: 1, y: 1, z: 1}
    map2Offset: {x: 0, y: 0, z: 0}
    map2Scroll: {x: 0, y: 0, z: 0}
    map2Intensity: 1
    map2Channel: 3
    map2Invert: 0
    map3: {fileID: 0}
    map3Tiling: {x: 1, y: 1, z: 1}
    map3Offset: {x: 0, y: 0, z: 0}
    map3Scroll: {x: 0, y: 0, z: 0}
    map3Intensity: 1
    map3Channel: 3
    map3Invert: 0
    mapsBlendType: 0
    triplanarMappingSpace: 0
    screenSpaceUVScale: 0
    baseInvert: 0
  edgeBase:
    widthCutoutStandard: 0.1
    widthCutoutGeometric: 0.1
    shape: 0
    color: {r: 0.07058824, g: 0.5019608, b: 0.9450981, a: 1}
    colorTransparency: 1
    colorIntensity: 12
  edgeAdditionalColor:
    map: {fileID: 0}
    mapTiling: {x: 1, y: 1}
    mapOffset: {x: 0, y: 0}
    mapScroll: {x: 0, y: 0}
    mapReverse: 0
    mapMipmap: 0
    phaseOffset: 0
    alphaOffset: 0
    color: {r: 1, g: 0, b: 0, a: 1}
    colorTransparency: 1
    colorIntensity: 0
    clipInterpolation: 0
  edgeUVDistortion:
    map: {fileID: 0}
    mapTiling: {x: 1, y: 1}
    mapOffset: {x: 0, y: 0}
    mapScroll: {x: 0, y: 0}
    strength: 0
  edgeGlobalIllumination:
    metaPassMultiplier: 0
--- !u!4 &136563728
Transform:
  m_ObjectHideFlags: 0
  m_CorrespondingSourceObject: {fileID: 0}
  m_PrefabInstance: {fileID: 0}
  m_PrefabAsset: {fileID: 0}
  m_GameObject: {fileID: 136563726}
  m_LocalRotation: {x: 0, y: 0, z: 0, w: 1}
  m_LocalPosition: {x: 1.0398388, y: -0.13506442, z: -5.4940147}
  m_LocalScale: {x: 1, y: 1, z: 1}
  m_Children: []
  m_Father: {fileID: 0}
  m_RootOrder: 11
  m_LocalEulerAnglesHint: {x: 0, y: 0, z: 0}
--- !u!1 &209853268
GameObject:
  m_ObjectHideFlags: 0
  m_CorrespondingSourceObject: {fileID: 0}
  m_PrefabInstance: {fileID: 0}
  m_PrefabAsset: {fileID: 0}
  serializedVersion: 6
  m_Component:
  - component: {fileID: 209853269}
  - component: {fileID: 209853271}
  - component: {fileID: 209853270}
  m_Layer: 0
  m_Name: Plane
  m_TagString: Untagged
  m_Icon: {fileID: 0}
  m_NavMeshLayer: 0
  m_StaticEditorFlags: 0
  m_IsActive: 1
--- !u!4 &209853269
Transform:
  m_ObjectHideFlags: 0
  m_CorrespondingSourceObject: {fileID: 0}
  m_PrefabInstance: {fileID: 0}
  m_PrefabAsset: {fileID: 0}
  m_GameObject: {fileID: 209853268}
  m_LocalRotation: {x: -0.70441604, y: 0.70441604, z: -0.06162851, w: 0.06162851}
  m_LocalPosition: {x: 0, y: 0, z: 0}
  m_LocalScale: {x: 0.7, y: 0.7, z: 0.7}
  m_Children:
  - {fileID: 1576624460}
  m_Father: {fileID: 0}
  m_RootOrder: 8
  m_LocalEulerAnglesHint: {x: 0, y: 170, z: -90.00001}
--- !u!23 &209853270
MeshRenderer:
  m_ObjectHideFlags: 0
  m_CorrespondingSourceObject: {fileID: 0}
  m_PrefabInstance: {fileID: 0}
  m_PrefabAsset: {fileID: 0}
  m_GameObject: {fileID: 209853268}
  m_Enabled: 1
  m_CastShadows: 0
  m_ReceiveShadows: 1
  m_DynamicOccludee: 1
  m_MotionVectors: 1
  m_LightProbeUsage: 1
  m_ReflectionProbeUsage: 1
  m_RayTracingMode: 2
  m_RenderingLayerMask: 1
  m_RendererPriority: 0
  m_Materials:
  - {fileID: 2100000, guid: be9d662702fb7384ab684cfe53252840, type: 2}
  m_StaticBatchInfo:
    firstSubMesh: 0
    subMeshCount: 0
  m_StaticBatchRoot: {fileID: 0}
  m_ProbeAnchor: {fileID: 0}
  m_LightProbeVolumeOverride: {fileID: 0}
  m_ScaleInLightmap: 1
  m_ReceiveGI: 1
  m_PreserveUVs: 0
  m_IgnoreNormalsForChartDetection: 0
  m_ImportantGI: 0
  m_StitchLightmapSeams: 1
  m_SelectedEditorRenderState: 3
  m_MinimumChartSize: 4
  m_AutoUVMaxDistance: 0.5
  m_AutoUVMaxAngle: 89
  m_LightmapParameters: {fileID: 0}
  m_SortingLayerID: 0
  m_SortingLayer: 0
  m_SortingOrder: 0
--- !u!33 &209853271
MeshFilter:
  m_ObjectHideFlags: 0
  m_CorrespondingSourceObject: {fileID: 0}
  m_PrefabInstance: {fileID: 0}
  m_PrefabAsset: {fileID: 0}
  m_GameObject: {fileID: 209853268}
  m_Mesh: {fileID: 10209, guid: 0000000000000000e000000000000000, type: 0}
--- !u!1 &306819181
GameObject:
  m_ObjectHideFlags: 0
  m_CorrespondingSourceObject: {fileID: 0}
  m_PrefabInstance: {fileID: 0}
  m_PrefabAsset: {fileID: 0}
  serializedVersion: 6
  m_Component:
  - component: {fileID: 306819182}
  m_Layer: 0
  m_Name: --------------------------------------------------------
  m_TagString: Untagged
  m_Icon: {fileID: 0}
  m_NavMeshLayer: 0
  m_StaticEditorFlags: 0
  m_IsActive: 1
--- !u!4 &306819182
Transform:
  m_ObjectHideFlags: 0
  m_CorrespondingSourceObject: {fileID: 0}
  m_PrefabInstance: {fileID: 0}
  m_PrefabAsset: {fileID: 0}
  m_GameObject: {fileID: 306819181}
  m_LocalRotation: {x: 0, y: 0, z: 0, w: 1}
  m_LocalPosition: {x: 1.0454785, y: 0.42808226, z: -0.3334269}
  m_LocalScale: {x: 1, y: 1, z: 1}
  m_Children: []
  m_Father: {fileID: 0}
  m_RootOrder: 7
  m_LocalEulerAnglesHint: {x: 0, y: 0, z: 0}
--- !u!1 &407974378
GameObject:
  m_ObjectHideFlags: 0
  m_CorrespondingSourceObject: {fileID: 0}
  m_PrefabInstance: {fileID: 0}
  m_PrefabAsset: {fileID: 0}
  serializedVersion: 6
  m_Component:
  - component: {fileID: 407974380}
  - component: {fileID: 407974379}
  m_Layer: 0
  m_Name: Post Process Volume
  m_TagString: Untagged
  m_Icon: {fileID: 0}
  m_NavMeshLayer: 0
  m_StaticEditorFlags: 0
  m_IsActive: 1
--- !u!114 &407974379
MonoBehaviour:
  m_ObjectHideFlags: 0
  m_CorrespondingSourceObject: {fileID: 0}
  m_PrefabInstance: {fileID: 0}
  m_PrefabAsset: {fileID: 0}
  m_GameObject: {fileID: 407974378}
  m_Enabled: 1
  m_EditorHideFlags: 0
  m_Script: {fileID: 11500000, guid: 172515602e62fb746b5d573b38a5fe58, type: 3}
  m_Name: 
  m_EditorClassIdentifier: 
  isGlobal: 1
  priority: 0
  blendDistance: 0
  weight: 1
  sharedProfile: {fileID: 11400000, guid: c212e5eb77b106642bdc524308fc6465, type: 2}
--- !u!4 &407974380
Transform:
  m_ObjectHideFlags: 0
  m_CorrespondingSourceObject: {fileID: 0}
  m_PrefabInstance: {fileID: 0}
  m_PrefabAsset: {fileID: 0}
  m_GameObject: {fileID: 407974378}
  m_LocalRotation: {x: 0, y: 0, z: 0, w: 1}
  m_LocalPosition: {x: 0, y: 0.89, z: 0}
  m_LocalScale: {x: 1, y: 1, z: 1}
  m_Children: []
  m_Father: {fileID: 0}
  m_RootOrder: 2
  m_LocalEulerAnglesHint: {x: 0, y: 0, z: 0}
--- !u!1 &656544306
GameObject:
  m_ObjectHideFlags: 0
  m_CorrespondingSourceObject: {fileID: 0}
  m_PrefabInstance: {fileID: 0}
  m_PrefabAsset: {fileID: 0}
  serializedVersion: 6
  m_Component:
  - component: {fileID: 656544309}
  - component: {fileID: 656544308}
  - component: {fileID: 656544307}
  m_Layer: 0
  m_Name: Directional Light
  m_TagString: Untagged
  m_Icon: {fileID: 0}
  m_NavMeshLayer: 0
  m_StaticEditorFlags: 0
  m_IsActive: 1
--- !u!114 &656544307
MonoBehaviour:
  m_ObjectHideFlags: 0
  m_CorrespondingSourceObject: {fileID: 0}
  m_PrefabInstance: {fileID: 0}
  m_PrefabAsset: {fileID: 0}
  m_GameObject: {fileID: 656544306}
  m_Enabled: 1
  m_EditorHideFlags: 0
  m_Script: {fileID: 11500000, guid: 7a68c43fe1f2a47cfa234b5eeaa98012, type: 3}
  m_Name: 
  m_EditorClassIdentifier: 
  m_Version: 10
  m_ObsoleteShadowResolutionTier: 2
  m_ObsoleteUseShadowQualitySettings: 1
  m_ObsoleteCustomShadowResolution: 1024
  m_ObsoleteContactShadows: 1
  m_PointlightHDType: 0
  m_SpotLightShape: 0
  m_AreaLightShape: 0
  m_Intensity: 20000
  m_EnableSpotReflector: 0
  m_LuxAtDistance: 1
  m_InnerSpotPercent: 0
  m_LightDimmer: 1
  m_VolumetricDimmer: 1
  m_LightUnit: 2
  m_FadeDistance: 10000
  m_AffectDiffuse: 1
  m_AffectSpecular: 1
  m_NonLightmappedOnly: 0
  m_ShapeWidth: 0.5
  m_ShapeHeight: 0.5
  m_AspectRatio: 1
  m_ShapeRadius: 0
  m_SoftnessScale: 1
  m_UseCustomSpotLightShadowCone: 0
  m_CustomSpotLightShadowCone: 30
  m_MaxSmoothness: 1
  m_ApplyRangeAttenuation: 1
  m_DisplayAreaLightEmissiveMesh: 0
  m_AreaLightCookie: {fileID: 0}
  m_AreaLightShadowCone: 120
  m_UseScreenSpaceShadows: 0
  m_InteractsWithSky: 1
  m_AngularDiameter: 0.53
  m_FlareSize: 2
  m_FlareTint: {r: 1, g: 1, b: 1, a: 1}
  m_FlareFalloff: 4
  m_SurfaceTexture: {fileID: 0}
  m_SurfaceTint: {r: 1, g: 1, b: 1, a: 1}
  m_Distance: 150000000
  m_UseRayTracedShadows: 0
  m_NumRayTracingSamples: 4
  m_FilterTracedShadow: 1
  m_FilterSizeTraced: 16
  m_SunLightConeAngle: 0.5
  m_LightShadowRadius: 0.5
  m_SemiTransparentShadow: 0
  m_ColorShadow: 1
  m_EvsmExponent: 15
  m_EvsmLightLeakBias: 0
  m_EvsmVarianceBias: 0.00001
  m_EvsmBlurPasses: 0
  m_LightlayersMask: 1
  m_LinkShadowLayers: 1
  m_ShadowNearPlane: 0.1
  m_BlockerSampleCount: 24
  m_FilterSampleCount: 32
  m_MinFilterSize: 0.01
  m_KernelSize: 5
  m_LightAngle: 1
  m_MaxDepthBias: 0.001
  m_ShadowResolution:
    m_Override: 1024
    m_UseOverride: 0
    m_Level: 2
  m_ShadowDimmer: 0.75
  m_VolumetricShadowDimmer: 1
  m_ShadowFadeDistance: 10000
  m_UseContactShadow:
    m_Override: 1
    m_UseOverride: 0
    m_Level: 2
  m_RayTracedContactShadow: 0
  m_ShadowTint: {r: 0, g: 0, b: 0, a: 1}
  m_PenumbraTint: 0
  m_NormalBias: 0.75
  m_SlopeBias: 0.5
  m_ShadowUpdateMode: 0
  m_BarnDoorAngle: 90
  m_BarnDoorLength: 0.05
  m_ShadowCascadeRatios:
  - 0.005
  - 0.015
  - 0.3
  m_ShadowCascadeBorders:
  - 0
  - 0
  - 0
  - 0.2
  m_ShadowAlgorithm: 0
  m_ShadowVariant: 3
  m_ShadowPrecision: 0
  useOldInspector: 0
  useVolumetric: 1
  featuresFoldout: 1
  showAdditionalSettings: 8
  m_AreaLightEmissiveMeshShadowCastingMode: 0
  m_AreaLightEmissiveMeshMotionVectorGenerationMode: 0
  m_AreaLightEmissiveMeshLayer: -1
--- !u!108 &656544308
Light:
  m_ObjectHideFlags: 0
  m_CorrespondingSourceObject: {fileID: 0}
  m_PrefabInstance: {fileID: 0}
  m_PrefabAsset: {fileID: 0}
  m_GameObject: {fileID: 656544306}
  m_Enabled: 1
  serializedVersion: 10
  m_Type: 1
  m_Shape: 0
  m_Color: {r: 0.6792453, g: 0.6792453, b: 0.6792453, a: 1}
  m_Intensity: 20000
  m_Range: 10
  m_SpotAngle: 30
  m_InnerSpotAngle: 21.802082
  m_CookieSize: 10
  m_Shadows:
    m_Type: 1
    m_Resolution: -1
    m_CustomResolution: -1
    m_Strength: 1
    m_Bias: 0.01
    m_NormalBias: 0.1
    m_NearPlane: 0.1
    m_CullingMatrixOverride:
      e00: 1
      e01: 0
      e02: 0
      e03: 0
      e10: 0
      e11: 1
      e12: 0
      e13: 0
      e20: 0
      e21: 0
      e22: 1
      e23: 0
      e30: 0
      e31: 0
      e32: 0
      e33: 1
    m_UseCullingMatrixOverride: 0
  m_Cookie: {fileID: 0}
  m_DrawHalo: 0
  m_Flare: {fileID: 0}
  m_RenderMode: 0
  m_CullingMask:
    serializedVersion: 2
    m_Bits: 4294967295
  m_RenderingLayerMask: 1
  m_Lightmapping: 1
  m_LightShadowCasterMode: 0
  m_AreaSize: {x: 0.5, y: 0.5}
  m_BounceIntensity: 1
  m_ColorTemperature: 5500
  m_UseColorTemperature: 0
  m_BoundingSphereOverride: {x: 0, y: 0, z: 0, w: 0}
  m_UseBoundingSphereOverride: 0
  m_ShadowRadius: 0
  m_ShadowAngle: 0.53
--- !u!4 &656544309
Transform:
  m_ObjectHideFlags: 0
  m_CorrespondingSourceObject: {fileID: 0}
  m_PrefabInstance: {fileID: 0}
  m_PrefabAsset: {fileID: 0}
  m_GameObject: {fileID: 656544306}
  m_LocalRotation: {x: -0.0100409845, y: -0.571355, z: 0.8192589, w: 0.0476177}
  m_LocalPosition: {x: 0, y: 1.33, z: -1.42}
  m_LocalScale: {x: 1, y: 1, z: 1}
  m_Children: []
  m_Father: {fileID: 0}
  m_RootOrder: 1
  m_LocalEulerAnglesHint: {x: 69.264, y: 708.454, z: 165.35901}
--- !u!1 &664853191
GameObject:
  m_ObjectHideFlags: 1
  m_CorrespondingSourceObject: {fileID: 0}
  m_PrefabInstance: {fileID: 0}
  m_PrefabAsset: {fileID: 0}
  serializedVersion: 6
  m_Component:
  - component: {fileID: 664853193}
  - component: {fileID: 664853192}
  m_Layer: 0
  m_Name: StaticLightingSky
  m_TagString: Untagged
  m_Icon: {fileID: 0}
  m_NavMeshLayer: 0
  m_StaticEditorFlags: 0
  m_IsActive: 1
--- !u!114 &664853192
MonoBehaviour:
  m_ObjectHideFlags: 1
  m_CorrespondingSourceObject: {fileID: 0}
  m_PrefabInstance: {fileID: 0}
  m_PrefabAsset: {fileID: 0}
  m_GameObject: {fileID: 664853191}
  m_Enabled: 1
  m_EditorHideFlags: 0
  m_Script: {fileID: 11500000, guid: 441482e8936e35048a1dffac814e3ef8, type: 3}
  m_Name: 
  m_EditorClassIdentifier: 
  m_Profile: {fileID: 11400000, guid: a1b2506a01eb87d438a882222cf5910d, type: 2}
  m_StaticLightingSkyUniqueID: 1
--- !u!4 &664853193
Transform:
  m_ObjectHideFlags: 1
  m_CorrespondingSourceObject: {fileID: 0}
  m_PrefabInstance: {fileID: 0}
  m_PrefabAsset: {fileID: 0}
  m_GameObject: {fileID: 664853191}
  m_LocalRotation: {x: 0, y: 0, z: 0, w: 1}
  m_LocalPosition: {x: 0, y: 0, z: 0}
  m_LocalScale: {x: 1, y: 1, z: 1}
  m_Children: []
  m_Father: {fileID: 0}
  m_RootOrder: 14
  m_LocalEulerAnglesHint: {x: 0, y: 0, z: 0}
--- !u!1 &876446673
GameObject:
  m_ObjectHideFlags: 0
  m_CorrespondingSourceObject: {fileID: 0}
  m_PrefabInstance: {fileID: 0}
  m_PrefabAsset: {fileID: 0}
  serializedVersion: 6
  m_Component:
  - component: {fileID: 876446674}
  m_Layer: 0
  m_Name: --------------------------------------------------------
  m_TagString: Untagged
  m_Icon: {fileID: 0}
  m_NavMeshLayer: 0
  m_StaticEditorFlags: 0
  m_IsActive: 1
--- !u!4 &876446674
Transform:
  m_ObjectHideFlags: 0
  m_CorrespondingSourceObject: {fileID: 0}
  m_PrefabInstance: {fileID: 0}
  m_PrefabAsset: {fileID: 0}
  m_GameObject: {fileID: 876446673}
  m_LocalRotation: {x: 0, y: 0, z: 0, w: 1}
  m_LocalPosition: {x: 1.0454785, y: 0.42808226, z: -0.3334269}
  m_LocalScale: {x: 1, y: 1, z: 1}
  m_Children: []
  m_Father: {fileID: 0}
  m_RootOrder: 4
  m_LocalEulerAnglesHint: {x: 0, y: 0, z: 0}
--- !u!1 &926575355
GameObject:
  m_ObjectHideFlags: 0
  m_CorrespondingSourceObject: {fileID: 0}
  m_PrefabInstance: {fileID: 0}
  m_PrefabAsset: {fileID: 0}
  serializedVersion: 6
  m_Component:
  - component: {fileID: 926575359}
  - component: {fileID: 926575358}
  - component: {fileID: 926575357}
  - component: {fileID: 926575356}
  - component: {fileID: 926575360}
  m_Layer: 0
  m_Name: Main Camera
  m_TagString: MainCamera
  m_Icon: {fileID: 0}
  m_NavMeshLayer: 0
  m_StaticEditorFlags: 0
  m_IsActive: 1
--- !u!114 &926575356
MonoBehaviour:
  m_ObjectHideFlags: 0
  m_CorrespondingSourceObject: {fileID: 0}
  m_PrefabInstance: {fileID: 0}
  m_PrefabAsset: {fileID: 0}
  m_GameObject: {fileID: 926575355}
  m_Enabled: 1
  m_EditorHideFlags: 0
  m_Script: {fileID: 11500000, guid: a79441f348de89743a2939f4d699eac1, type: 3}
  m_Name: 
  m_EditorClassIdentifier: 
  m_RenderShadows: 1
  m_RequiresDepthTextureOption: 2
  m_RequiresOpaqueTextureOption: 2
  m_CameraType: 0
  m_Cameras: []
  m_RendererIndex: -1
  m_VolumeLayerMask:
    serializedVersion: 2
    m_Bits: 1
  m_VolumeTrigger: {fileID: 0}
  m_RenderPostProcessing: 0
  m_Antialiasing: 0
  m_AntialiasingQuality: 2
  m_StopNaN: 0
  m_Dithering: 0
  m_ClearDepth: 1
  m_RequiresDepthTexture: 0
  m_RequiresColorTexture: 0
  m_Version: 2
--- !u!81 &926575357
AudioListener:
  m_ObjectHideFlags: 0
  m_CorrespondingSourceObject: {fileID: 0}
  m_PrefabInstance: {fileID: 0}
  m_PrefabAsset: {fileID: 0}
  m_GameObject: {fileID: 926575355}
  m_Enabled: 1
--- !u!20 &926575358
Camera:
  m_ObjectHideFlags: 0
  m_CorrespondingSourceObject: {fileID: 0}
  m_PrefabInstance: {fileID: 0}
  m_PrefabAsset: {fileID: 0}
  m_GameObject: {fileID: 926575355}
  m_Enabled: 1
  serializedVersion: 2
  m_ClearFlags: 1
  m_BackGroundColor: {r: 0.254717, g: 0.254717, b: 0.254717, a: 0}
  m_projectionMatrixMode: 1
  m_GateFitMode: 2
  m_FOVAxisMode: 1
  m_SensorSize: {x: 36, y: 24}
  m_LensShift: {x: 0, y: 0}
  m_FocalLength: 31.176914
  m_NormalizedViewPortRect:
    serializedVersion: 2
    x: 0
    y: 0
    width: 1
    height: 1
  near clip plane: 0.3
  far clip plane: 1000
  field of view: 33.750717
  orthographic: 0
  orthographic size: 5
  m_Depth: -1
  m_CullingMask:
    serializedVersion: 2
    m_Bits: 4294967295
  m_RenderingPath: -1
  m_TargetTexture: {fileID: 0}
  m_TargetDisplay: 0
  m_TargetEye: 3
  m_HDR: 0
  m_AllowMSAA: 0
  m_AllowDynamicResolution: 0
  m_ForceIntoRT: 1
  m_OcclusionCulling: 1
  m_StereoConvergence: 10
  m_StereoSeparation: 0.022
--- !u!4 &926575359
Transform:
  m_ObjectHideFlags: 0
  m_CorrespondingSourceObject: {fileID: 0}
  m_PrefabInstance: {fileID: 0}
  m_PrefabAsset: {fileID: 0}
  m_GameObject: {fileID: 926575355}
  m_LocalRotation: {x: 0.099319756, y: 0, z: 0, w: 0.9950556}
  m_LocalPosition: {x: 0, y: 2.97, z: -11.74}
  m_LocalScale: {x: 1, y: 1, z: 1}
  m_Children: []
  m_Father: {fileID: 0}
  m_RootOrder: 0
  m_LocalEulerAnglesHint: {x: 11.4, y: 0, z: 0}
--- !u!114 &926575360
MonoBehaviour:
  m_ObjectHideFlags: 0
  m_CorrespondingSourceObject: {fileID: 0}
  m_PrefabInstance: {fileID: 0}
  m_PrefabAsset: {fileID: 0}
  m_GameObject: {fileID: 926575355}
  m_Enabled: 1
  m_EditorHideFlags: 0
  m_Script: {fileID: 11500000, guid: 23c1ce4fb46143f46bc5cb5224c934f6, type: 3}
  m_Name: 
  m_EditorClassIdentifier: 
  m_Version: 7
  m_ObsoleteRenderingPath: 0
  m_ObsoleteFrameSettings:
    overrides: 0
    enableShadow: 0
    enableContactShadows: 0
    enableShadowMask: 0
    enableSSR: 0
    enableSSAO: 0
    enableSubsurfaceScattering: 0
    enableTransmission: 0
    enableAtmosphericScattering: 0
    enableVolumetrics: 0
    enableReprojectionForVolumetrics: 0
    enableLightLayers: 0
    enableExposureControl: 1
    diffuseGlobalDimmer: 0
    specularGlobalDimmer: 0
    shaderLitMode: 0
    enableDepthPrepassWithDeferredRendering: 0
    enableTransparentPrepass: 0
    enableMotionVectors: 0
    enableObjectMotionVectors: 0
    enableDecals: 0
    enableRoughRefraction: 0
    enableTransparentPostpass: 0
    enableDistortion: 0
    enablePostprocess: 0
    enableOpaqueObjects: 0
    enableTransparentObjects: 0
    enableRealtimePlanarReflection: 0
    enableMSAA: 0
    enableAsyncCompute: 0
    runLightListAsync: 0
    runSSRAsync: 0
    runSSAOAsync: 0
    runContactShadowsAsync: 0
    runVolumeVoxelizationAsync: 0
    lightLoopSettings:
      overrides: 0
      enableDeferredTileAndCluster: 0
      enableComputeLightEvaluation: 0
      enableComputeLightVariants: 0
      enableComputeMaterialVariants: 0
      enableFptlForForwardOpaque: 0
      enableBigTilePrepass: 0
      isFptlEnabled: 0
  clearColorMode: 0
  backgroundColorHDR: {r: 0.025, g: 0.07, b: 0.19, a: 0}
  clearDepth: 1
  volumeLayerMask:
    serializedVersion: 2
    m_Bits: 1
  volumeAnchorOverride: {fileID: 0}
  antialiasing: 3
  SMAAQuality: 2
  dithering: 0
  stopNaNs: 0
  taaSharpenStrength: 0.6
  physicalParameters:
    m_Iso: 200
    m_ShutterSpeed: 0.005
    m_Aperture: 16
    m_BladeCount: 5
    m_Curvature: {x: 2, y: 11}
    m_BarrelClipping: 0.25
    m_Anamorphism: 0
  flipYMode: 0
  fullscreenPassthrough: 0
  allowDynamicResolution: 0
  customRenderingSettings: 0
  invertFaceCulling: 0
  probeLayerMask:
    serializedVersion: 2
    m_Bits: 4294967295
  hasPersistentHistory: 0
  m_RenderingPathCustomFrameSettings:
    bitDatas:
      data1: 70297877217101
      data2: 4539628425463136256
    lodBias: 1
    lodBiasMode: 0
    lodBiasQualityLevel: 0
    maximumLODLevel: 0
    maximumLODLevelMode: 0
    maximumLODLevelQualityLevel: 0
    materialQuality: 0
  renderingPathCustomFrameSettingsOverrideMask:
    mask:
      data1: 0
      data2: 0
  defaultFrameSettings: 0
--- !u!1 &943503129
GameObject:
  m_ObjectHideFlags: 0
  m_CorrespondingSourceObject: {fileID: 0}
  m_PrefabInstance: {fileID: 0}
  m_PrefabAsset: {fileID: 0}
  serializedVersion: 6
  m_Component:
  - component: {fileID: 943503131}
  - component: {fileID: 943503130}
  m_Layer: 0
  m_Name: Sky and Fog Volume
  m_TagString: Untagged
  m_Icon: {fileID: 0}
  m_NavMeshLayer: 0
  m_StaticEditorFlags: 0
  m_IsActive: 1
--- !u!114 &943503130
MonoBehaviour:
  m_ObjectHideFlags: 0
  m_CorrespondingSourceObject: {fileID: 0}
  m_PrefabInstance: {fileID: 0}
  m_PrefabAsset: {fileID: 0}
  m_GameObject: {fileID: 943503129}
  m_Enabled: 1
  m_EditorHideFlags: 0
  m_Script: {fileID: 11500000, guid: 172515602e62fb746b5d573b38a5fe58, type: 3}
  m_Name: 
  m_EditorClassIdentifier: 
  isGlobal: 1
  priority: 0
  blendDistance: 0
  weight: 1
  sharedProfile: {fileID: 11400000, guid: a1b2506a01eb87d438a882222cf5910d, type: 2}
--- !u!4 &943503131
Transform:
  m_ObjectHideFlags: 0
  m_CorrespondingSourceObject: {fileID: 0}
  m_PrefabInstance: {fileID: 0}
  m_PrefabAsset: {fileID: 0}
  m_GameObject: {fileID: 943503129}
  m_LocalRotation: {x: 0, y: 0, z: 0, w: 1}
  m_LocalPosition: {x: 0, y: 0, z: 0}
  m_LocalScale: {x: 1, y: 1, z: 1}
  m_Children: []
  m_Father: {fileID: 0}
  m_RootOrder: 3
  m_LocalEulerAnglesHint: {x: 0, y: 0, z: 0}
--- !u!1 &1087627714
GameObject:
  m_ObjectHideFlags: 0
  m_CorrespondingSourceObject: {fileID: 0}
  m_PrefabInstance: {fileID: 0}
  m_PrefabAsset: {fileID: 0}
  serializedVersion: 6
  m_Component:
  - component: {fileID: 1087627716}
  - component: {fileID: 1087627715}
  m_Layer: 0
  m_Name: AD Keywords Controller
  m_TagString: Untagged
  m_Icon: {fileID: 0}
  m_NavMeshLayer: 0
  m_StaticEditorFlags: 0
  m_IsActive: 1
--- !u!114 &1087627715
MonoBehaviour:
  m_ObjectHideFlags: 0
  m_CorrespondingSourceObject: {fileID: 0}
  m_PrefabInstance: {fileID: 0}
  m_PrefabAsset: {fileID: 0}
  m_GameObject: {fileID: 1087627714}
  m_Enabled: 1
  m_EditorHideFlags: 0
  m_Script: {fileID: 11500000, guid: d88748cc2e21bc7478c891e55173be45, type: 3}
  m_Name: 
  m_EditorClassIdentifier: 
  globalControlID: 0
  materials:
  - {fileID: 2100000, guid: c3c084290ce305d4bb5a7bd2c94b68da, type: 2}
  - {fileID: 2100000, guid: 0a912b563420de147828aee5fb6148da, type: 2}
  - {fileID: 2100000, guid: cb3262187eb1ac64cb9b6829246f7907, type: 2}
  - {fileID: 2100000, guid: 509fc16fb26e4e647bb128d95cbfd187, type: 2}
  - {fileID: 2100000, guid: 94b171b990f48e94f88dffe53ec3cb0a, type: 2}
  - {fileID: 2100000, guid: 18e1983139e54d6448d2882f9696b992, type: 2}
  - {fileID: 2100000, guid: 8e588133e20dc764cb4d246e85ca2774, type: 2}
  - {fileID: 2100000, guid: 1e26faa008672604b980f2df55aa6ed2, type: 2}
  - {fileID: 2100000, guid: c6010fd8a9033e94399bc3b59a4be473, type: 2}
  - {fileID: 2100000, guid: ea94bc05f4e812349a43dff1264c21ec, type: 2}
  - {fileID: 2100000, guid: cd07d8a28e2acb9468ecb30a6f45820b, type: 2}
  - {fileID: 2100000, guid: 3d92c13a401928e4da7e22e76225a5bc, type: 2}
  state: 1
  cutoutStandardSource: 2
  cutoutStandardSourceMapsMappingType: 0
  cutoutGeometricType: 2
  cutoutGeometricCount: 0
  edgeBaseSource: 2
  edgeAdditionalColorSource: 0
  edgeUVDistortionSource: 0
--- !u!4 &1087627716
Transform:
  m_ObjectHideFlags: 0
  m_CorrespondingSourceObject: {fileID: 0}
  m_PrefabInstance: {fileID: 0}
  m_PrefabAsset: {fileID: 0}
  m_GameObject: {fileID: 1087627714}
  m_LocalRotation: {x: 0, y: 0, z: 0, w: 1}
  m_LocalPosition: {x: 1.0398388, y: -0.13506442, z: -5.4940147}
  m_LocalScale: {x: 1, y: 1, z: 1}
  m_Children: []
  m_Father: {fileID: 0}
  m_RootOrder: 10
  m_LocalEulerAnglesHint: {x: 0, y: 0, z: 0}
--- !u!1001 &1115665575
PrefabInstance:
  m_ObjectHideFlags: 0
  serializedVersion: 2
  m_Modification:
    m_TransformParent: {fileID: 0}
    m_Modifications:
    - target: {fileID: 4581798332714246, guid: e0a47662e0a047949b7817810fc17d3c, type: 3}
      propertyPath: m_RootOrder
      value: 6
      objectReference: {fileID: 0}
    - target: {fileID: 4581798332714246, guid: e0a47662e0a047949b7817810fc17d3c, type: 3}
      propertyPath: m_LocalPosition.x
      value: -0.15
      objectReference: {fileID: 0}
    - target: {fileID: 4581798332714246, guid: e0a47662e0a047949b7817810fc17d3c, type: 3}
      propertyPath: m_LocalPosition.y
      value: 0
      objectReference: {fileID: 0}
    - target: {fileID: 4581798332714246, guid: e0a47662e0a047949b7817810fc17d3c, type: 3}
      propertyPath: m_LocalPosition.z
      value: 0.27
      objectReference: {fileID: 0}
    - target: {fileID: 4581798332714246, guid: e0a47662e0a047949b7817810fc17d3c, type: 3}
      propertyPath: m_LocalRotation.w
      value: 1
      objectReference: {fileID: 0}
    - target: {fileID: 4581798332714246, guid: e0a47662e0a047949b7817810fc17d3c, type: 3}
      propertyPath: m_LocalRotation.x
      value: 0
      objectReference: {fileID: 0}
    - target: {fileID: 4581798332714246, guid: e0a47662e0a047949b7817810fc17d3c, type: 3}
      propertyPath: m_LocalRotation.y
      value: 0
      objectReference: {fileID: 0}
    - target: {fileID: 4581798332714246, guid: e0a47662e0a047949b7817810fc17d3c, type: 3}
      propertyPath: m_LocalRotation.z
      value: 0
      objectReference: {fileID: 0}
    m_RemovedComponents: []
  m_SourcePrefab: {fileID: 100100000, guid: e0a47662e0a047949b7817810fc17d3c, type: 3}
--- !u!1001 &1219367827
PrefabInstance:
  m_ObjectHideFlags: 0
  serializedVersion: 2
  m_Modification:
    m_TransformParent: {fileID: 0}
    m_Modifications:
    - target: {fileID: 400000, guid: 43f711e1c73e0c0419fffa16169a0ed2, type: 3}
      propertyPath: m_LocalScale.x
      value: 1.5687253
      objectReference: {fileID: 0}
    - target: {fileID: 400000, guid: 43f711e1c73e0c0419fffa16169a0ed2, type: 3}
      propertyPath: m_LocalScale.y
      value: 1.568726
      objectReference: {fileID: 0}
    - target: {fileID: 400000, guid: 43f711e1c73e0c0419fffa16169a0ed2, type: 3}
      propertyPath: m_LocalScale.z
      value: 1.568726
      objectReference: {fileID: 0}
    - target: {fileID: 400000, guid: 43f711e1c73e0c0419fffa16169a0ed2, type: 3}
      propertyPath: m_LocalPosition.x
      value: -0.13
      objectReference: {fileID: 0}
    - target: {fileID: 400000, guid: 43f711e1c73e0c0419fffa16169a0ed2, type: 3}
      propertyPath: m_LocalPosition.y
      value: -0.85
      objectReference: {fileID: 0}
    - target: {fileID: 400000, guid: 43f711e1c73e0c0419fffa16169a0ed2, type: 3}
      propertyPath: m_LocalPosition.z
      value: -0.049999952
      objectReference: {fileID: 0}
    - target: {fileID: 400000, guid: 43f711e1c73e0c0419fffa16169a0ed2, type: 3}
      propertyPath: m_LocalRotation.w
      value: -0.04241665
      objectReference: {fileID: 0}
    - target: {fileID: 400000, guid: 43f711e1c73e0c0419fffa16169a0ed2, type: 3}
      propertyPath: m_LocalRotation.x
      value: -9.2705377e-10
      objectReference: {fileID: 0}
    - target: {fileID: 400000, guid: 43f711e1c73e0c0419fffa16169a0ed2, type: 3}
      propertyPath: m_LocalRotation.y
      value: 0.99909997
      objectReference: {fileID: 0}
    - target: {fileID: 400000, guid: 43f711e1c73e0c0419fffa16169a0ed2, type: 3}
      propertyPath: m_LocalRotation.z
      value: -0.000000021836053
      objectReference: {fileID: 0}
    - target: {fileID: 400000, guid: 43f711e1c73e0c0419fffa16169a0ed2, type: 3}
      propertyPath: m_LocalEulerAnglesHint.y
      value: 184.86198
      objectReference: {fileID: 0}
    - target: {fileID: 400002, guid: 43f711e1c73e0c0419fffa16169a0ed2, type: 3}
      propertyPath: m_LocalScale.x
      value: 1.5687253
      objectReference: {fileID: 0}
    - target: {fileID: 400002, guid: 43f711e1c73e0c0419fffa16169a0ed2, type: 3}
      propertyPath: m_LocalScale.y
      value: 1.568726
      objectReference: {fileID: 0}
    - target: {fileID: 400002, guid: 43f711e1c73e0c0419fffa16169a0ed2, type: 3}
      propertyPath: m_LocalScale.z
      value: 1.568726
      objectReference: {fileID: 0}
    - target: {fileID: 400002, guid: 43f711e1c73e0c0419fffa16169a0ed2, type: 3}
      propertyPath: m_LocalPosition.x
      value: -0.13
      objectReference: {fileID: 0}
    - target: {fileID: 400002, guid: 43f711e1c73e0c0419fffa16169a0ed2, type: 3}
      propertyPath: m_LocalPosition.y
      value: -0.85
      objectReference: {fileID: 0}
    - target: {fileID: 400002, guid: 43f711e1c73e0c0419fffa16169a0ed2, type: 3}
      propertyPath: m_LocalPosition.z
      value: -0.049999952
      objectReference: {fileID: 0}
    - target: {fileID: 400002, guid: 43f711e1c73e0c0419fffa16169a0ed2, type: 3}
      propertyPath: m_LocalRotation.w
      value: -0.04241665
      objectReference: {fileID: 0}
    - target: {fileID: 400002, guid: 43f711e1c73e0c0419fffa16169a0ed2, type: 3}
      propertyPath: m_LocalRotation.x
      value: -9.2705377e-10
      objectReference: {fileID: 0}
    - target: {fileID: 400002, guid: 43f711e1c73e0c0419fffa16169a0ed2, type: 3}
      propertyPath: m_LocalRotation.y
      value: 0.99909997
      objectReference: {fileID: 0}
    - target: {fileID: 400002, guid: 43f711e1c73e0c0419fffa16169a0ed2, type: 3}
      propertyPath: m_LocalRotation.z
      value: -0.000000021836053
      objectReference: {fileID: 0}
    - target: {fileID: 400002, guid: 43f711e1c73e0c0419fffa16169a0ed2, type: 3}
      propertyPath: m_LocalEulerAnglesHint.y
      value: 184.86198
      objectReference: {fileID: 0}
    - target: {fileID: 400004, guid: 43f711e1c73e0c0419fffa16169a0ed2, type: 3}
      propertyPath: m_LocalScale.x
      value: 1.5687253
      objectReference: {fileID: 0}
    - target: {fileID: 400004, guid: 43f711e1c73e0c0419fffa16169a0ed2, type: 3}
      propertyPath: m_LocalScale.y
      value: 1.568726
      objectReference: {fileID: 0}
    - target: {fileID: 400004, guid: 43f711e1c73e0c0419fffa16169a0ed2, type: 3}
      propertyPath: m_LocalScale.z
      value: 1.568726
      objectReference: {fileID: 0}
    - target: {fileID: 400004, guid: 43f711e1c73e0c0419fffa16169a0ed2, type: 3}
      propertyPath: m_LocalPosition.x
      value: -0.13
      objectReference: {fileID: 0}
    - target: {fileID: 400004, guid: 43f711e1c73e0c0419fffa16169a0ed2, type: 3}
      propertyPath: m_LocalPosition.y
      value: -0.85
      objectReference: {fileID: 0}
    - target: {fileID: 400004, guid: 43f711e1c73e0c0419fffa16169a0ed2, type: 3}
      propertyPath: m_LocalPosition.z
      value: -0.049999952
      objectReference: {fileID: 0}
    - target: {fileID: 400004, guid: 43f711e1c73e0c0419fffa16169a0ed2, type: 3}
      propertyPath: m_LocalRotation.w
      value: -0.04241665
      objectReference: {fileID: 0}
    - target: {fileID: 400004, guid: 43f711e1c73e0c0419fffa16169a0ed2, type: 3}
      propertyPath: m_LocalRotation.x
      value: -9.2705377e-10
      objectReference: {fileID: 0}
    - target: {fileID: 400004, guid: 43f711e1c73e0c0419fffa16169a0ed2, type: 3}
      propertyPath: m_LocalRotation.y
      value: 0.99909997
      objectReference: {fileID: 0}
    - target: {fileID: 400004, guid: 43f711e1c73e0c0419fffa16169a0ed2, type: 3}
      propertyPath: m_LocalRotation.z
      value: -0.000000021836053
      objectReference: {fileID: 0}
    - target: {fileID: 400004, guid: 43f711e1c73e0c0419fffa16169a0ed2, type: 3}
      propertyPath: m_LocalEulerAnglesHint.y
      value: 184.86198
      objectReference: {fileID: 0}
    - target: {fileID: 400006, guid: 43f711e1c73e0c0419fffa16169a0ed2, type: 3}
      propertyPath: m_RootOrder
      value: 5
      objectReference: {fileID: 0}
    - target: {fileID: 400006, guid: 43f711e1c73e0c0419fffa16169a0ed2, type: 3}
      propertyPath: m_LocalScale.x
      value: 1
      objectReference: {fileID: 0}
    - target: {fileID: 400006, guid: 43f711e1c73e0c0419fffa16169a0ed2, type: 3}
      propertyPath: m_LocalScale.y
      value: 1
      objectReference: {fileID: 0}
    - target: {fileID: 400006, guid: 43f711e1c73e0c0419fffa16169a0ed2, type: 3}
      propertyPath: m_LocalScale.z
      value: 1
      objectReference: {fileID: 0}
    - target: {fileID: 400006, guid: 43f711e1c73e0c0419fffa16169a0ed2, type: 3}
      propertyPath: m_LocalPosition.x
      value: 0
      objectReference: {fileID: 0}
    - target: {fileID: 400006, guid: 43f711e1c73e0c0419fffa16169a0ed2, type: 3}
      propertyPath: m_LocalPosition.y
      value: 0
      objectReference: {fileID: 0}
    - target: {fileID: 400006, guid: 43f711e1c73e0c0419fffa16169a0ed2, type: 3}
      propertyPath: m_LocalPosition.z
      value: 0
      objectReference: {fileID: 0}
    - target: {fileID: 400006, guid: 43f711e1c73e0c0419fffa16169a0ed2, type: 3}
      propertyPath: m_LocalRotation.w
      value: 1
      objectReference: {fileID: 0}
    - target: {fileID: 400006, guid: 43f711e1c73e0c0419fffa16169a0ed2, type: 3}
      propertyPath: m_LocalRotation.x
      value: 0
      objectReference: {fileID: 0}
    - target: {fileID: 400006, guid: 43f711e1c73e0c0419fffa16169a0ed2, type: 3}
      propertyPath: m_LocalRotation.y
      value: 0
      objectReference: {fileID: 0}
    - target: {fileID: 400006, guid: 43f711e1c73e0c0419fffa16169a0ed2, type: 3}
      propertyPath: m_LocalRotation.z
      value: 0
      objectReference: {fileID: 0}
    - target: {fileID: 400008, guid: 43f711e1c73e0c0419fffa16169a0ed2, type: 3}
      propertyPath: m_LocalScale.x
      value: 1.5687253
      objectReference: {fileID: 0}
    - target: {fileID: 400008, guid: 43f711e1c73e0c0419fffa16169a0ed2, type: 3}
      propertyPath: m_LocalScale.y
      value: 1.568726
      objectReference: {fileID: 0}
    - target: {fileID: 400008, guid: 43f711e1c73e0c0419fffa16169a0ed2, type: 3}
      propertyPath: m_LocalScale.z
      value: 1.568726
      objectReference: {fileID: 0}
    - target: {fileID: 400008, guid: 43f711e1c73e0c0419fffa16169a0ed2, type: 3}
      propertyPath: m_LocalPosition.x
      value: -0.13
      objectReference: {fileID: 0}
    - target: {fileID: 400008, guid: 43f711e1c73e0c0419fffa16169a0ed2, type: 3}
      propertyPath: m_LocalPosition.y
      value: -0.85
      objectReference: {fileID: 0}
    - target: {fileID: 400008, guid: 43f711e1c73e0c0419fffa16169a0ed2, type: 3}
      propertyPath: m_LocalPosition.z
      value: -0.05
      objectReference: {fileID: 0}
    - target: {fileID: 400008, guid: 43f711e1c73e0c0419fffa16169a0ed2, type: 3}
      propertyPath: m_LocalRotation.w
      value: -0.04241665
      objectReference: {fileID: 0}
    - target: {fileID: 400008, guid: 43f711e1c73e0c0419fffa16169a0ed2, type: 3}
      propertyPath: m_LocalRotation.x
      value: -9.2705377e-10
      objectReference: {fileID: 0}
    - target: {fileID: 400008, guid: 43f711e1c73e0c0419fffa16169a0ed2, type: 3}
      propertyPath: m_LocalRotation.y
      value: 0.99909997
      objectReference: {fileID: 0}
    - target: {fileID: 400008, guid: 43f711e1c73e0c0419fffa16169a0ed2, type: 3}
      propertyPath: m_LocalRotation.z
      value: -0.000000021836053
      objectReference: {fileID: 0}
    - target: {fileID: 400008, guid: 43f711e1c73e0c0419fffa16169a0ed2, type: 3}
      propertyPath: m_LocalEulerAnglesHint.y
      value: 184.86198
      objectReference: {fileID: 0}
    - target: {fileID: 400010, guid: 43f711e1c73e0c0419fffa16169a0ed2, type: 3}
      propertyPath: m_LocalScale.x
      value: 1.5687253
      objectReference: {fileID: 0}
    - target: {fileID: 400010, guid: 43f711e1c73e0c0419fffa16169a0ed2, type: 3}
      propertyPath: m_LocalScale.y
      value: 1.568726
      objectReference: {fileID: 0}
    - target: {fileID: 400010, guid: 43f711e1c73e0c0419fffa16169a0ed2, type: 3}
      propertyPath: m_LocalScale.z
      value: 1.568726
      objectReference: {fileID: 0}
    - target: {fileID: 400010, guid: 43f711e1c73e0c0419fffa16169a0ed2, type: 3}
      propertyPath: m_LocalPosition.x
      value: -0.13
      objectReference: {fileID: 0}
    - target: {fileID: 400010, guid: 43f711e1c73e0c0419fffa16169a0ed2, type: 3}
      propertyPath: m_LocalPosition.y
      value: -0.85
      objectReference: {fileID: 0}
    - target: {fileID: 400010, guid: 43f711e1c73e0c0419fffa16169a0ed2, type: 3}
      propertyPath: m_LocalPosition.z
      value: -0.049999952
      objectReference: {fileID: 0}
    - target: {fileID: 400010, guid: 43f711e1c73e0c0419fffa16169a0ed2, type: 3}
      propertyPath: m_LocalRotation.w
      value: -0.04241665
      objectReference: {fileID: 0}
    - target: {fileID: 400010, guid: 43f711e1c73e0c0419fffa16169a0ed2, type: 3}
      propertyPath: m_LocalRotation.x
      value: -9.2705377e-10
      objectReference: {fileID: 0}
    - target: {fileID: 400010, guid: 43f711e1c73e0c0419fffa16169a0ed2, type: 3}
      propertyPath: m_LocalRotation.y
      value: 0.99909997
      objectReference: {fileID: 0}
    - target: {fileID: 400010, guid: 43f711e1c73e0c0419fffa16169a0ed2, type: 3}
      propertyPath: m_LocalRotation.z
      value: -0.000000021836053
      objectReference: {fileID: 0}
    - target: {fileID: 400010, guid: 43f711e1c73e0c0419fffa16169a0ed2, type: 3}
      propertyPath: m_LocalEulerAnglesHint.y
      value: 184.86198
      objectReference: {fileID: 0}
    - target: {fileID: 400012, guid: 43f711e1c73e0c0419fffa16169a0ed2, type: 3}
      propertyPath: m_LocalScale.x
      value: 1.5687253
      objectReference: {fileID: 0}
    - target: {fileID: 400012, guid: 43f711e1c73e0c0419fffa16169a0ed2, type: 3}
      propertyPath: m_LocalScale.y
      value: 1.568726
      objectReference: {fileID: 0}
    - target: {fileID: 400012, guid: 43f711e1c73e0c0419fffa16169a0ed2, type: 3}
      propertyPath: m_LocalScale.z
      value: 1.568726
      objectReference: {fileID: 0}
    - target: {fileID: 400012, guid: 43f711e1c73e0c0419fffa16169a0ed2, type: 3}
      propertyPath: m_LocalPosition.x
      value: -0.13
      objectReference: {fileID: 0}
    - target: {fileID: 400012, guid: 43f711e1c73e0c0419fffa16169a0ed2, type: 3}
      propertyPath: m_LocalPosition.y
      value: -0.85
      objectReference: {fileID: 0}
    - target: {fileID: 400012, guid: 43f711e1c73e0c0419fffa16169a0ed2, type: 3}
      propertyPath: m_LocalPosition.z
      value: -0.049999952
      objectReference: {fileID: 0}
    - target: {fileID: 400012, guid: 43f711e1c73e0c0419fffa16169a0ed2, type: 3}
      propertyPath: m_LocalRotation.w
      value: -0.04241665
      objectReference: {fileID: 0}
    - target: {fileID: 400012, guid: 43f711e1c73e0c0419fffa16169a0ed2, type: 3}
      propertyPath: m_LocalRotation.x
      value: -0.00000004392501
      objectReference: {fileID: 0}
    - target: {fileID: 400012, guid: 43f711e1c73e0c0419fffa16169a0ed2, type: 3}
      propertyPath: m_LocalRotation.y
      value: 0.99909997
      objectReference: {fileID: 0}
    - target: {fileID: 400012, guid: 43f711e1c73e0c0419fffa16169a0ed2, type: 3}
      propertyPath: m_LocalRotation.z
      value: -0.0000000041029886
      objectReference: {fileID: 0}
    - target: {fileID: 400012, guid: 43f711e1c73e0c0419fffa16169a0ed2, type: 3}
      propertyPath: m_LocalEulerAnglesHint.y
      value: 184.86198
      objectReference: {fileID: 0}
    - target: {fileID: 400014, guid: 43f711e1c73e0c0419fffa16169a0ed2, type: 3}
      propertyPath: m_LocalScale.x
      value: 1.5687253
      objectReference: {fileID: 0}
    - target: {fileID: 400014, guid: 43f711e1c73e0c0419fffa16169a0ed2, type: 3}
      propertyPath: m_LocalScale.y
      value: 1.568726
      objectReference: {fileID: 0}
    - target: {fileID: 400014, guid: 43f711e1c73e0c0419fffa16169a0ed2, type: 3}
      propertyPath: m_LocalScale.z
      value: 1.568726
      objectReference: {fileID: 0}
    - target: {fileID: 400014, guid: 43f711e1c73e0c0419fffa16169a0ed2, type: 3}
      propertyPath: m_LocalPosition.x
      value: -0.13
      objectReference: {fileID: 0}
    - target: {fileID: 400014, guid: 43f711e1c73e0c0419fffa16169a0ed2, type: 3}
      propertyPath: m_LocalPosition.y
      value: -0.85
      objectReference: {fileID: 0}
    - target: {fileID: 400014, guid: 43f711e1c73e0c0419fffa16169a0ed2, type: 3}
      propertyPath: m_LocalPosition.z
      value: -0.049999952
      objectReference: {fileID: 0}
    - target: {fileID: 400014, guid: 43f711e1c73e0c0419fffa16169a0ed2, type: 3}
      propertyPath: m_LocalRotation.w
      value: -0.04241665
      objectReference: {fileID: 0}
    - target: {fileID: 400014, guid: 43f711e1c73e0c0419fffa16169a0ed2, type: 3}
      propertyPath: m_LocalRotation.x
      value: -9.2705377e-10
      objectReference: {fileID: 0}
    - target: {fileID: 400014, guid: 43f711e1c73e0c0419fffa16169a0ed2, type: 3}
      propertyPath: m_LocalRotation.y
      value: 0.99909997
      objectReference: {fileID: 0}
    - target: {fileID: 400014, guid: 43f711e1c73e0c0419fffa16169a0ed2, type: 3}
      propertyPath: m_LocalRotation.z
      value: -0.000000021836053
      objectReference: {fileID: 0}
    - target: {fileID: 400014, guid: 43f711e1c73e0c0419fffa16169a0ed2, type: 3}
      propertyPath: m_LocalEulerAnglesHint.y
      value: 184.86198
      objectReference: {fileID: 0}
    - target: {fileID: 2300000, guid: 43f711e1c73e0c0419fffa16169a0ed2, type: 3}
      propertyPath: m_Materials.Array.data[0]
      value: 
      objectReference: {fileID: 2100000, guid: c3c084290ce305d4bb5a7bd2c94b68da, type: 2}
    - target: {fileID: 2300002, guid: 43f711e1c73e0c0419fffa16169a0ed2, type: 3}
      propertyPath: m_Materials.Array.data[0]
      value: 
      objectReference: {fileID: 2100000, guid: 0a912b563420de147828aee5fb6148da, type: 2}
    - target: {fileID: 2300004, guid: 43f711e1c73e0c0419fffa16169a0ed2, type: 3}
      propertyPath: m_Materials.Array.data[0]
      value: 
      objectReference: {fileID: 2100000, guid: cb3262187eb1ac64cb9b6829246f7907, type: 2}
    - target: {fileID: 2300006, guid: 43f711e1c73e0c0419fffa16169a0ed2, type: 3}
      propertyPath: m_Materials.Array.data[0]
      value: 
      objectReference: {fileID: 2100000, guid: 509fc16fb26e4e647bb128d95cbfd187, type: 2}
    - target: {fileID: 2300008, guid: 43f711e1c73e0c0419fffa16169a0ed2, type: 3}
      propertyPath: m_Materials.Array.data[0]
      value: 
      objectReference: {fileID: 2100000, guid: 94b171b990f48e94f88dffe53ec3cb0a, type: 2}
    - target: {fileID: 2300010, guid: 43f711e1c73e0c0419fffa16169a0ed2, type: 3}
      propertyPath: m_Materials.Array.data[0]
      value: 
      objectReference: {fileID: 2100000, guid: 18e1983139e54d6448d2882f9696b992, type: 2}
    - target: {fileID: 2300012, guid: 43f711e1c73e0c0419fffa16169a0ed2, type: 3}
      propertyPath: m_Materials.Array.data[0]
      value: 
      objectReference: {fileID: 2100000, guid: 8e588133e20dc764cb4d246e85ca2774, type: 2}
    m_RemovedComponents: []
  m_SourcePrefab: {fileID: 100100000, guid: 43f711e1c73e0c0419fffa16169a0ed2, type: 3}
--- !u!1 &1576624459
GameObject:
  m_ObjectHideFlags: 0
  m_CorrespondingSourceObject: {fileID: 0}
  m_PrefabInstance: {fileID: 0}
  m_PrefabAsset: {fileID: 0}
  serializedVersion: 6
  m_Component:
  - component: {fileID: 1576624460}
  - component: {fileID: 1576624462}
  - component: {fileID: 1576624461}
  m_Layer: 0
  m_Name: Backside
  m_TagString: Untagged
  m_Icon: {fileID: 0}
  m_NavMeshLayer: 0
  m_StaticEditorFlags: 0
  m_IsActive: 1
--- !u!4 &1576624460
Transform:
  m_ObjectHideFlags: 0
  m_CorrespondingSourceObject: {fileID: 0}
  m_PrefabInstance: {fileID: 0}
  m_PrefabAsset: {fileID: 0}
  m_GameObject: {fileID: 1576624459}
  m_LocalRotation: {x: 1, y: 0, z: 0, w: 0}
  m_LocalPosition: {x: 0, y: 0, z: 0}
  m_LocalScale: {x: 1, y: 1, z: 1}
  m_Children: []
  m_Father: {fileID: 209853269}
  m_RootOrder: 0
  m_LocalEulerAnglesHint: {x: 180, y: 0, z: 0}
--- !u!23 &1576624461
MeshRenderer:
  m_ObjectHideFlags: 0
  m_CorrespondingSourceObject: {fileID: 0}
  m_PrefabInstance: {fileID: 0}
  m_PrefabAsset: {fileID: 0}
  m_GameObject: {fileID: 1576624459}
  m_Enabled: 1
  m_CastShadows: 0
  m_ReceiveShadows: 1
  m_DynamicOccludee: 1
  m_MotionVectors: 1
  m_LightProbeUsage: 1
  m_ReflectionProbeUsage: 1
  m_RayTracingMode: 2
  m_RenderingLayerMask: 1
  m_RendererPriority: 0
  m_Materials:
  - {fileID: 2100000, guid: be9d662702fb7384ab684cfe53252840, type: 2}
  m_StaticBatchInfo:
    firstSubMesh: 0
    subMeshCount: 0
  m_StaticBatchRoot: {fileID: 0}
  m_ProbeAnchor: {fileID: 0}
  m_LightProbeVolumeOverride: {fileID: 0}
  m_ScaleInLightmap: 1
  m_ReceiveGI: 1
  m_PreserveUVs: 0
  m_IgnoreNormalsForChartDetection: 0
  m_ImportantGI: 0
  m_StitchLightmapSeams: 1
  m_SelectedEditorRenderState: 3
  m_MinimumChartSize: 4
  m_AutoUVMaxDistance: 0.5
  m_AutoUVMaxAngle: 89
  m_LightmapParameters: {fileID: 0}
  m_SortingLayerID: 0
  m_SortingLayer: 0
  m_SortingOrder: 0
--- !u!33 &1576624462
MeshFilter:
  m_ObjectHideFlags: 0
  m_CorrespondingSourceObject: {fileID: 0}
  m_PrefabInstance: {fileID: 0}
  m_PrefabAsset: {fileID: 0}
  m_GameObject: {fileID: 1576624459}
  m_Mesh: {fileID: 10209, guid: 0000000000000000e000000000000000, type: 0}
--- !u!1 &1714851830
GameObject:
  m_ObjectHideFlags: 0
  m_CorrespondingSourceObject: {fileID: 0}
  m_PrefabInstance: {fileID: 0}
  m_PrefabAsset: {fileID: 0}
  serializedVersion: 6
  m_Component:
  - component: {fileID: 1714851832}
  - component: {fileID: 1714851831}
  m_Layer: 0
  m_Name: AD Geometric Masks Controller (Back)
  m_TagString: Untagged
  m_Icon: {fileID: 0}
  m_NavMeshLayer: 0
  m_StaticEditorFlags: 0
  m_IsActive: 1
--- !u!114 &1714851831
MonoBehaviour:
  m_ObjectHideFlags: 0
  m_CorrespondingSourceObject: {fileID: 0}
  m_PrefabInstance: {fileID: 0}
  m_PrefabAsset: {fileID: 0}
  m_GameObject: {fileID: 1714851830}
  m_Enabled: 1
  m_EditorHideFlags: 0
  m_Script: {fileID: 11500000, guid: dc14e87fe28d4784080c6918b96d71a9, type: 3}
  m_Name: 
  m_EditorClassIdentifier: 
  globalControlID: 0
  materials:
  - {fileID: 2100000, guid: c3c084290ce305d4bb5a7bd2c94b68da, type: 2}
  - {fileID: 2100000, guid: 0a912b563420de147828aee5fb6148da, type: 2}
  - {fileID: 2100000, guid: cb3262187eb1ac64cb9b6829246f7907, type: 2}
  - {fileID: 2100000, guid: 509fc16fb26e4e647bb128d95cbfd187, type: 2}
  - {fileID: 2100000, guid: 94b171b990f48e94f88dffe53ec3cb0a, type: 2}
  - {fileID: 2100000, guid: 18e1983139e54d6448d2882f9696b992, type: 2}
  - {fileID: 2100000, guid: 8e588133e20dc764cb4d246e85ca2774, type: 2}
  updateMode: 1
  drawGizmos: 1
  type: 2
  count: 0
  xyzAxis: 0
  xyzStyle: 0
  xyzSpace: 0
  xyzRollout: 0
  xyzPivotPointTransform: {fileID: 0}
  xyzPivotPointPosition: {x: 0, y: 0, z: 0}
  target1StartPointTransform: {fileID: 209853269}
  target1EndPointTransform: {fileID: 0}
  target1StartPointPosition: {x: 0, y: 0, z: 0}
  target1EndPointPosition: {x: 0, y: 0, z: 0}
  target1Radius: 0
  target1Normal: {x: -0.9848078, y: -0.000000070780516, z: -0.17364845}
  target1Rotation: {x: 0, y: 0, z: 0}
  target1Size: {x: 1, y: 1, z: 1}
  target2StartPointTransform: {fileID: 0}
  target2EndPointTransform: {fileID: 0}
  target2StartPointPosition: {x: 0, y: 0, z: 0}
  target2EndPointPosition: {x: 0, y: 0, z: 0}
  target2Radius: 0
  target2Normal: {x: 0, y: 1, z: 0}
  target2Rotation: {x: 0, y: 0, z: 0}
  target2Size: {x: 1, y: 1, z: 1}
  target3StartPointTransform: {fileID: 0}
  target3EndPointTransform: {fileID: 0}
  target3StartPointPosition: {x: 0, y: 0, z: 0}
  target3EndPointPosition: {x: 0, y: 0, z: 0}
  target3Radius: 0
  target3Normal: {x: 0, y: 1, z: 0}
  target3Rotation: {x: 0, y: 0, z: 0}
  target3Size: {x: 1, y: 1, z: 1}
  target4StartPointTransform: {fileID: 0}
  target4EndPointTransform: {fileID: 0}
  target4StartPointPosition: {x: 0, y: 0, z: 0}
  target4EndPointPosition: {x: 0, y: 0, z: 0}
  target4Radius: 0
  target4Normal: {x: 0, y: 1, z: 0}
  target4Rotation: {x: 0, y: 0, z: 0}
  target4Size: {x: 1, y: 1, z: 1}
  invert: 1
  noise: 0.1
--- !u!4 &1714851832
Transform:
  m_ObjectHideFlags: 0
  m_CorrespondingSourceObject: {fileID: 0}
  m_PrefabInstance: {fileID: 0}
  m_PrefabAsset: {fileID: 0}
  m_GameObject: {fileID: 1714851830}
  m_LocalRotation: {x: 0, y: 0, z: 0, w: 1}
  m_LocalPosition: {x: 0, y: 0, z: 0}
  m_LocalScale: {x: 1, y: 1, z: 1}
  m_Children: []
  m_Father: {fileID: 0}
  m_RootOrder: 13
  m_LocalEulerAnglesHint: {x: 0, y: 0, z: 0}
--- !u!1 &1912116157
GameObject:
  m_ObjectHideFlags: 0
  m_CorrespondingSourceObject: {fileID: 0}
  m_PrefabInstance: {fileID: 0}
  m_PrefabAsset: {fileID: 0}
  serializedVersion: 6
  m_Component:
  - component: {fileID: 1912116158}
  - component: {fileID: 1912116159}
  m_Layer: 0
  m_Name: AD Geometric Masks Controller (Front)
  m_TagString: Untagged
  m_Icon: {fileID: 0}
  m_NavMeshLayer: 0
  m_StaticEditorFlags: 0
  m_IsActive: 1
--- !u!4 &1912116158
Transform:
  m_ObjectHideFlags: 0
  m_CorrespondingSourceObject: {fileID: 0}
  m_PrefabInstance: {fileID: 0}
  m_PrefabAsset: {fileID: 0}
  m_GameObject: {fileID: 1912116157}
  m_LocalRotation: {x: 0, y: 0, z: 0, w: 1}
  m_LocalPosition: {x: 0, y: 0, z: 0}
  m_LocalScale: {x: 1, y: 1, z: 1}
  m_Children: []
  m_Father: {fileID: 0}
  m_RootOrder: 12
  m_LocalEulerAnglesHint: {x: 0, y: 0, z: 0}
--- !u!114 &1912116159
MonoBehaviour:
  m_ObjectHideFlags: 0
  m_CorrespondingSourceObject: {fileID: 0}
  m_PrefabInstance: {fileID: 0}
  m_PrefabAsset: {fileID: 0}
  m_GameObject: {fileID: 1912116157}
  m_Enabled: 1
  m_EditorHideFlags: 0
  m_Script: {fileID: 11500000, guid: dc14e87fe28d4784080c6918b96d71a9, type: 3}
  m_Name: 
  m_EditorClassIdentifier: 
  globalControlID: 0
  materials:
  - {fileID: 2100000, guid: 1e26faa008672604b980f2df55aa6ed2, type: 2}
  - {fileID: 2100000, guid: c6010fd8a9033e94399bc3b59a4be473, type: 2}
  - {fileID: 2100000, guid: ea94bc05f4e812349a43dff1264c21ec, type: 2}
  - {fileID: 2100000, guid: cd07d8a28e2acb9468ecb30a6f45820b, type: 2}
  - {fileID: 2100000, guid: 3d92c13a401928e4da7e22e76225a5bc, type: 2}
  updateMode: 1
  drawGizmos: 1
  type: 2
  count: 0
  xyzAxis: 0
  xyzStyle: 0
  xyzSpace: 0
  xyzRollout: 0
  xyzPivotPointTransform: {fileID: 0}
  xyzPivotPointPosition: {x: 0, y: 0, z: 0}
  target1StartPointTransform: {fileID: 209853269}
  target1EndPointTransform: {fileID: 0}
  target1StartPointPosition: {x: 0, y: 0, z: 0}
  target1EndPointPosition: {x: 0, y: 0, z: 0}
  target1Radius: 0
  target1Normal: {x: -0.9848078, y: -0.000000070780516, z: -0.17364845}
  target1Rotation: {x: 0, y: 0, z: 0}
  target1Size: {x: 1, y: 1, z: 1}
  target2StartPointTransform: {fileID: 0}
  target2EndPointTransform: {fileID: 0}
  target2StartPointPosition: {x: 0, y: 0, z: 0}
  target2EndPointPosition: {x: 0, y: 0, z: 0}
  target2Radius: 0
  target2Normal: {x: 0, y: 1, z: 0}
  target2Rotation: {x: 0, y: 0, z: 0}
  target2Size: {x: 1, y: 1, z: 1}
  target3StartPointTransform: {fileID: 0}
  target3EndPointTransform: {fileID: 0}
  target3StartPointPosition: {x: 0, y: 0, z: 0}
  target3EndPointPosition: {x: 0, y: 0, z: 0}
  target3Radius: 0
  target3Normal: {x: 0, y: 1, z: 0}
  target3Rotation: {x: 0, y: 0, z: 0}
  target3Size: {x: 1, y: 1, z: 1}
  target4StartPointTransform: {fileID: 0}
  target4EndPointTransform: {fileID: 0}
  target4StartPointPosition: {x: 0, y: 0, z: 0}
  target4EndPointPosition: {x: 0, y: 0, z: 0}
  target4Radius: 0
  target4Normal: {x: 0, y: 1, z: 0}
  target4Rotation: {x: 0, y: 0, z: 0}
  target4Size: {x: 1, y: 1, z: 1}
  invert: 0
  noise: 0.1
--- !u!1 &2077052627
GameObject:
  m_ObjectHideFlags: 0
  m_CorrespondingSourceObject: {fileID: 0}
  m_PrefabInstance: {fileID: 0}
  m_PrefabAsset: {fileID: 0}
  serializedVersion: 6
  m_Component:
  - component: {fileID: 2077052628}
  m_Layer: 0
  m_Name: --------------------------------------------------------
  m_TagString: Untagged
  m_Icon: {fileID: 0}
  m_NavMeshLayer: 0
  m_StaticEditorFlags: 0
  m_IsActive: 1
--- !u!4 &2077052628
Transform:
  m_ObjectHideFlags: 0
  m_CorrespondingSourceObject: {fileID: 0}
  m_PrefabInstance: {fileID: 0}
  m_PrefabAsset: {fileID: 0}
  m_GameObject: {fileID: 2077052627}
  m_LocalRotation: {x: 0, y: 0, z: 0, w: 1}
  m_LocalPosition: {x: 1.0454785, y: 0.42808226, z: -0.3334269}
  m_LocalScale: {x: 1, y: 1, z: 1}
  m_Children: []
  m_Father: {fileID: 0}
  m_RootOrder: 9
  m_LocalEulerAnglesHint: {x: 0, y: 0, z: 0}
