%YAML 1.1
%TAG !u! tag:unity3d.com,2011:
--- !u!29 &1
OcclusionCullingSettings:
  m_ObjectHideFlags: 0
  serializedVersion: 2
  m_OcclusionBakeSettings:
    smallestOccluder: 5
    smallestHole: 0.25
    backfaceThreshold: 100
  m_SceneGUID: 00000000000000000000000000000000
  m_OcclusionCullingData: {fileID: 0}
--- !u!104 &2
RenderSettings:
  m_ObjectHideFlags: 0
  serializedVersion: 9
  m_Fog: 0
  m_FogColor: {r: 0.5, g: 0.5, b: 0.5, a: 1}
  m_FogMode: 3
  m_FogDensity: 0.01
  m_LinearFogStart: 0
  m_LinearFogEnd: 300
  m_AmbientSkyColor: {r: 0.212, g: 0.227, b: 0.259, a: 1}
  m_AmbientEquatorColor: {r: 0.114, g: 0.125, b: 0.133, a: 1}
  m_AmbientGroundColor: {r: 0.047, g: 0.043, b: 0.035, a: 1}
  m_AmbientIntensity: 1
  m_AmbientMode: 0
  m_SubtractiveShadowColor: {r: 0.42, g: 0.478, b: 0.627, a: 1}
  m_SkyboxMaterial: {fileID: 0}
  m_HaloStrength: 0.5
  m_FlareStrength: 1
  m_FlareFadeSpeed: 3
  m_HaloTexture: {fileID: 0}
  m_SpotCookie: {fileID: 10001, guid: 0000000000000000e000000000000000, type: 0}
  m_DefaultReflectionMode: 0
  m_DefaultReflectionResolution: 128
  m_ReflectionBounces: 1
  m_ReflectionIntensity: 1
  m_CustomReflection: {fileID: 0}
  m_Sun: {fileID: 0}
  m_IndirectSpecularColor: {r: 0, g: 0, b: 0, a: 1}
  m_UseRadianceAmbientProbe: 0
--- !u!157 &3
LightmapSettings:
  m_ObjectHideFlags: 0
  serializedVersion: 11
  m_GIWorkflowMode: 0
  m_GISettings:
    serializedVersion: 2
    m_BounceScale: 1
    m_IndirectOutputScale: 1
    m_AlbedoBoost: 1
    m_EnvironmentLightingMode: 0
    m_EnableBakedLightmaps: 0
    m_EnableRealtimeLightmaps: 0
  m_LightmapEditorSettings:
    serializedVersion: 12
    m_Resolution: 2
    m_BakeResolution: 16
    m_AtlasSize: 1024
    m_AO: 0
    m_AOMaxDistance: 1
    m_CompAOExponent: 1
    m_CompAOExponentDirect: 0
    m_ExtractAmbientOcclusion: 0
    m_Padding: 2
    m_LightmapParameters: {fileID: 0}
    m_LightmapsBakeMode: 1
    m_TextureCompression: 1
    m_FinalGather: 0
    m_FinalGatherFiltering: 1
    m_FinalGatherRayCount: 256
    m_ReflectionCompression: 0
    m_MixedBakeMode: 0
    m_BakeBackend: 2
    m_PVRSampling: 1
    m_PVRDirectSampleCount: 32
    m_PVRSampleCount: 300
    m_PVRBounces: 2
    m_PVREnvironmentSampleCount: 300
    m_PVREnvironmentReferencePointCount: 2048
    m_PVRFilteringMode: 2
    m_PVRDenoiserTypeDirect: 0
    m_PVRDenoiserTypeIndirect: 2
    m_PVRDenoiserTypeAO: 0
    m_PVRFilterTypeDirect: 0
    m_PVRFilterTypeIndirect: 2
    m_PVRFilterTypeAO: 0
    m_PVREnvironmentMIS: 1
    m_PVRCulling: 1
    m_PVRFilteringGaussRadiusDirect: 1
    m_PVRFilteringGaussRadiusIndirect: 5
    m_PVRFilteringGaussRadiusAO: 2
    m_PVRFilteringAtrousPositionSigmaDirect: 0.5
    m_PVRFilteringAtrousPositionSigmaIndirect: 2
    m_PVRFilteringAtrousPositionSigmaAO: 1
    m_ExportTrainingData: 0
    m_TrainingDataDestination: TrainingData
    m_LightProbeSampleCountMultiplier: 4
  m_LightingDataAsset: {fileID: 0}
  m_UseShadowmask: 0
--- !u!196 &4
NavMeshSettings:
  serializedVersion: 2
  m_ObjectHideFlags: 0
  m_BuildSettings:
    serializedVersion: 2
    agentTypeID: 0
    agentRadius: 0.5
    agentHeight: 2
    agentSlope: 45
    agentClimb: 0.4
    ledgeDropHeight: 0
    maxJumpAcrossDistance: 0
    minRegionArea: 2
    manualCellSize: 0
    cellSize: 0.16666667
    manualTileSize: 0
    tileSize: 256
    accuratePlacement: 0
    debug:
      m_Flags: 0
  m_NavMeshData: {fileID: 0}
--- !u!115 &131023462
MonoScript:
  m_ObjectHideFlags: 0
  m_CorrespondingSourceObject: {fileID: 0}
  m_PrefabInstance: {fileID: 0}
  m_PrefabAsset: {fileID: 0}
  m_Name: 
  serializedVersion: 5
  m_Script: 
  m_DefaultReferences: {}
  m_Icon: {fileID: 0}
  m_ExecutionOrder: 0
  m_ClassName: SceneObjectIDMapSceneAsset
  m_Namespace: UnityEngine.Rendering.HighDefinition
--- !u!1 &177311044
GameObject:
  m_ObjectHideFlags: 0
  m_CorrespondingSourceObject: {fileID: 0}
  m_PrefabInstance: {fileID: 0}
  m_PrefabAsset: {fileID: 0}
  serializedVersion: 6
  m_Component:
  - component: {fileID: 177311046}
  - component: {fileID: 177311045}
  m_Layer: 0
  m_Name: Sky and Fog Volume
  m_TagString: Untagged
  m_Icon: {fileID: 0}
  m_NavMeshLayer: 0
  m_StaticEditorFlags: 0
  m_IsActive: 1
--- !u!114 &177311045
MonoBehaviour:
  m_ObjectHideFlags: 0
  m_CorrespondingSourceObject: {fileID: 0}
  m_PrefabInstance: {fileID: 0}
  m_PrefabAsset: {fileID: 0}
  m_GameObject: {fileID: 177311044}
  m_Enabled: 1
  m_EditorHideFlags: 0
  m_Script: {fileID: 11500000, guid: 172515602e62fb746b5d573b38a5fe58, type: 3}
  m_Name: 
  m_EditorClassIdentifier: 
  isGlobal: 1
  priority: 0
  blendDistance: 0
  weight: 1
  sharedProfile: {fileID: 11400000, guid: a1b2506a01eb87d438a882222cf5910d, type: 2}
--- !u!4 &177311046
Transform:
  m_ObjectHideFlags: 0
  m_CorrespondingSourceObject: {fileID: 0}
  m_PrefabInstance: {fileID: 0}
  m_PrefabAsset: {fileID: 0}
  m_GameObject: {fileID: 177311044}
  m_LocalRotation: {x: 0, y: 0, z: 0, w: 1}
  m_LocalPosition: {x: 0, y: 0, z: 0}
  m_LocalScale: {x: 1, y: 1, z: 1}
  m_Children: []
  m_Father: {fileID: 0}
  m_RootOrder: 2
  m_LocalEulerAnglesHint: {x: 0, y: 0, z: 0}
--- !u!1 &236405283
GameObject:
  m_ObjectHideFlags: 19
  m_CorrespondingSourceObject: {fileID: 0}
  m_PrefabInstance: {fileID: 0}
  m_PrefabAsset: {fileID: 0}
  serializedVersion: 6
  m_Component:
  - component: {fileID: 236405285}
  - component: {fileID: 236405284}
  m_Layer: 0
  m_Name: SceneIDMap
  m_TagString: Untagged
  m_Icon: {fileID: 0}
  m_NavMeshLayer: 0
  m_StaticEditorFlags: 0
  m_IsActive: 1
--- !u!114 &236405284
MonoBehaviour:
  m_ObjectHideFlags: 19
  m_CorrespondingSourceObject: {fileID: 0}
  m_PrefabInstance: {fileID: 0}
  m_PrefabAsset: {fileID: 0}
  m_GameObject: {fileID: 236405283}
  m_Enabled: 1
  m_EditorHideFlags: 0
  m_Script: {fileID: 131023462}
  m_Name: 
  m_EditorClassIdentifier: 
  m_Entries: []
--- !u!4 &236405285
Transform:
  m_ObjectHideFlags: 19
  m_CorrespondingSourceObject: {fileID: 0}
  m_PrefabInstance: {fileID: 0}
  m_PrefabAsset: {fileID: 0}
  m_GameObject: {fileID: 236405283}
  m_LocalRotation: {x: 0, y: 0, z: 0, w: 1}
  m_LocalPosition: {x: 0, y: 0, z: 0}
  m_LocalScale: {x: 1, y: 1, z: 1}
  m_Children: []
  m_Father: {fileID: 0}
  m_RootOrder: 10
  m_LocalEulerAnglesHint: {x: 0, y: 0, z: 0}
--- !u!1 &248155243
GameObject:
  m_ObjectHideFlags: 0
  m_CorrespondingSourceObject: {fileID: 0}
  m_PrefabInstance: {fileID: 0}
  m_PrefabAsset: {fileID: 0}
  serializedVersion: 6
  m_Component:
  - component: {fileID: 248155245}
  - component: {fileID: 248155244}
  m_Layer: 0
  m_Name: AD Properties Controller
  m_TagString: Untagged
  m_Icon: {fileID: 0}
  m_NavMeshLayer: 0
  m_StaticEditorFlags: 0
  m_IsActive: 1
--- !u!114 &248155244
MonoBehaviour:
  m_ObjectHideFlags: 0
  m_CorrespondingSourceObject: {fileID: 0}
  m_PrefabInstance: {fileID: 0}
  m_PrefabAsset: {fileID: 0}
  m_GameObject: {fileID: 248155243}
  m_Enabled: 1
  m_EditorHideFlags: 0
  m_Script: {fileID: 11500000, guid: 483b807ffb020c943abd58c5f25e7ffe, type: 3}
  m_Name: 
  m_EditorClassIdentifier: 
  globalControlID: 0
  materials:
  - {fileID: 2100000, guid: 9c0e3698e352f174aa6ecf87db696a64, type: 2}
  - {fileID: 2100000, guid: 086a1fe6bc969cd4b9cf1316687e2673, type: 2}
  - {fileID: 2100000, guid: bd35c244d7a19594ea9d1bcf30430775, type: 2}
  - {fileID: 2100000, guid: 5680da8ab27b91f48a8d496ec4a0536c, type: 2}
  - {fileID: 2100000, guid: 19d6ab3d769dc444c9366712ac0e598f, type: 2}
  - {fileID: 2100000, guid: 51a2a1c4e829e1340a5f5cd8ef807bd1, type: 2}
  - {fileID: 2100000, guid: 25b2af872d1528b4fa299e375c68a95d, type: 2}
  - {fileID: 2100000, guid: 714d35cf617f7be478bedbc11cde0106, type: 2}
  - {fileID: 2100000, guid: b70cffe2870d98947b709aed31467d75, type: 2}
  - {fileID: 2100000, guid: 0fa7c6ac6f893a2408131b4223e92f9a, type: 2}
  - {fileID: 2100000, guid: 55b619d909230ec44999b149ca01bcd3, type: 2}
  - {fileID: 2100000, guid: 845109d66c3cc214e82c8ad293516ca7, type: 2}
  - {fileID: 2100000, guid: 0c6b27b35d2164c409fb84117cc5e788, type: 2}
  - {fileID: 2100000, guid: a51cf04e8654e0448ab80feea29d9479, type: 2}
  - {fileID: 2100000, guid: 994ef177ea8f9e74c9b50284a36bfe5c, type: 2}
  - {fileID: 2100000, guid: 1c3c2c52677ff5549b84494641cdda40, type: 2}
  - {fileID: 2100000, guid: c076cb1c3f8b4f045b3966ecfa9a4af5, type: 2}
  - {fileID: 2100000, guid: 0c76c8fa2e62f654f84cd3b1e5e36b80, type: 2}
  - {fileID: 2100000, guid: 089b03a7c2632d5438f1d26abdec0c9f, type: 2}
  - {fileID: 2100000, guid: 1d063cb70764a194f86f9eaea95d3923, type: 2}
  - {fileID: 2100000, guid: 73598628bd1d16c41b641e1977e66e2a, type: 2}
  - {fileID: 2100000, guid: 0c0ff1eabec837d44ad3f024d35bc710, type: 2}
  - {fileID: 2100000, guid: c2f467601f77b364484d42bdde7c6618, type: 2}
  - {fileID: 2100000, guid: 81deee370f33f534eb5e0785e4c8cea5, type: 2}
  updateMode: 2
  cutoutStandard:
    clip: 0
    map1: {fileID: 2800000, guid: 2a9fd0fcb9317bd46997cc26d38f2f23, type: 3}
    map1Tiling: {x: 0.5, y: 0.5, z: 0.5}
    map1Offset: {x: 0, y: 0, z: 0}
    map1Scroll: {x: 0, y: 0.5, z: 0}
    map1Intensity: 1
    map1Channel: 3
    map1Invert: 0
    map2: {fileID: 0}
    map2Tiling: {x: 1, y: 1, z: 1}
    map2Offset: {x: 0, y: 0, z: 0}
    map2Scroll: {x: 0, y: 0, z: 0}
    map2Intensity: 1
    map2Channel: 3
    map2Invert: 0
    map3: {fileID: 0}
    map3Tiling: {x: 1, y: 1, z: 1}
    map3Offset: {x: 0, y: 0, z: 0}
    map3Scroll: {x: 0, y: 0, z: 0}
    map3Intensity: 1
    map3Channel: 3
    map3Invert: 0
    mapsBlendType: 0
    triplanarMappingSpace: 0
    screenSpaceUVScale: 0
    baseInvert: 0
  edgeBase:
    widthCutoutStandard: 0.1
    widthCutoutGeometric: 0.1
    shape: 0
    color: {r: 0.121568635, g: 0.49411768, b: 0.8470589, a: 1}
    colorTransparency: 1
    colorIntensity: 11
  edgeAdditionalColor:
    map: {fileID: 0}
    mapTiling: {x: 1, y: 1}
    mapOffset: {x: 0, y: 0}
    mapScroll: {x: 0, y: 0}
    mapReverse: 0
    mapMipmap: 0
    phaseOffset: 0
    alphaOffset: 0
    color: {r: 1, g: 0, b: 0, a: 1}
    colorTransparency: 1
    colorIntensity: 0
    clipInterpolation: 0
  edgeUVDistortion:
    map: {fileID: 0}
    mapTiling: {x: 1, y: 1}
    mapOffset: {x: 0, y: 0}
    mapScroll: {x: 0, y: 0}
    strength: 0
  edgeGlobalIllumination:
    metaPassMultiplier: 0
--- !u!4 &248155245
Transform:
  m_ObjectHideFlags: 0
  m_CorrespondingSourceObject: {fileID: 0}
  m_PrefabInstance: {fileID: 0}
  m_PrefabAsset: {fileID: 0}
  m_GameObject: {fileID: 248155243}
  m_LocalRotation: {x: 0, y: 0, z: 0, w: 1}
  m_LocalPosition: {x: 0, y: 0, z: 0}
  m_LocalScale: {x: 1, y: 1, z: 1}
  m_Children: []
  m_Father: {fileID: 0}
  m_RootOrder: 13
  m_LocalEulerAnglesHint: {x: 0, y: 0, z: 0}
--- !u!1 &306819181
GameObject:
  m_ObjectHideFlags: 0
  m_CorrespondingSourceObject: {fileID: 0}
  m_PrefabInstance: {fileID: 0}
  m_PrefabAsset: {fileID: 0}
  serializedVersion: 6
  m_Component:
  - component: {fileID: 306819182}
  m_Layer: 0
  m_Name: --------------------------------------------------------
  m_TagString: Untagged
  m_Icon: {fileID: 0}
  m_NavMeshLayer: 0
  m_StaticEditorFlags: 0
  m_IsActive: 1
--- !u!4 &306819182
Transform:
  m_ObjectHideFlags: 0
  m_CorrespondingSourceObject: {fileID: 0}
  m_PrefabInstance: {fileID: 0}
  m_PrefabAsset: {fileID: 0}
  m_GameObject: {fileID: 306819181}
  m_LocalRotation: {x: 0, y: 0, z: 0, w: 1}
  m_LocalPosition: {x: 1.0454785, y: 0.42808226, z: -0.3334269}
  m_LocalScale: {x: 1, y: 1, z: 1}
  m_Children: []
  m_Father: {fileID: 0}
  m_RootOrder: 7
  m_LocalEulerAnglesHint: {x: 0, y: 0, z: 0}
--- !u!1 &313761473
GameObject:
  m_ObjectHideFlags: 1
  m_CorrespondingSourceObject: {fileID: 0}
  m_PrefabInstance: {fileID: 0}
  m_PrefabAsset: {fileID: 0}
  serializedVersion: 6
  m_Component:
  - component: {fileID: 313761475}
  - component: {fileID: 313761474}
  m_Layer: 0
  m_Name: StaticLightingSky
  m_TagString: Untagged
  m_Icon: {fileID: 0}
  m_NavMeshLayer: 0
  m_StaticEditorFlags: 0
  m_IsActive: 1
--- !u!114 &313761474
MonoBehaviour:
  m_ObjectHideFlags: 1
  m_CorrespondingSourceObject: {fileID: 0}
  m_PrefabInstance: {fileID: 0}
  m_PrefabAsset: {fileID: 0}
  m_GameObject: {fileID: 313761473}
  m_Enabled: 1
  m_EditorHideFlags: 0
  m_Script: {fileID: 11500000, guid: 441482e8936e35048a1dffac814e3ef8, type: 3}
  m_Name: 
  m_EditorClassIdentifier: 
  m_Profile: {fileID: 11400000, guid: a1b2506a01eb87d438a882222cf5910d, type: 2}
  m_StaticLightingSkyUniqueID: 1
--- !u!4 &313761475
Transform:
  m_ObjectHideFlags: 1
  m_CorrespondingSourceObject: {fileID: 0}
  m_PrefabInstance: {fileID: 0}
  m_PrefabAsset: {fileID: 0}
  m_GameObject: {fileID: 313761473}
  m_LocalRotation: {x: 0, y: 0, z: 0, w: 1}
  m_LocalPosition: {x: 0, y: 0, z: 0}
  m_LocalScale: {x: 1, y: 1, z: 1}
  m_Children: []
  m_Father: {fileID: 0}
  m_RootOrder: 9
  m_LocalEulerAnglesHint: {x: 0, y: 0, z: 0}
--- !u!1 &426645597
GameObject:
  m_ObjectHideFlags: 0
  m_CorrespondingSourceObject: {fileID: 0}
  m_PrefabInstance: {fileID: 0}
  m_PrefabAsset: {fileID: 0}
  serializedVersion: 6
  m_Component:
  - component: {fileID: 426645599}
  - component: {fileID: 426645598}
  m_Layer: 0
  m_Name: AD Keywords Controller
  m_TagString: Untagged
  m_Icon: {fileID: 0}
  m_NavMeshLayer: 0
  m_StaticEditorFlags: 0
  m_IsActive: 1
--- !u!114 &426645598
MonoBehaviour:
  m_ObjectHideFlags: 0
  m_CorrespondingSourceObject: {fileID: 0}
  m_PrefabInstance: {fileID: 0}
  m_PrefabAsset: {fileID: 0}
  m_GameObject: {fileID: 426645597}
  m_Enabled: 1
  m_EditorHideFlags: 0
  m_Script: {fileID: 11500000, guid: d88748cc2e21bc7478c891e55173be45, type: 3}
  m_Name: 
  m_EditorClassIdentifier: 
  globalControlID: 0
  materials:
  - {fileID: 2100000, guid: 9c0e3698e352f174aa6ecf87db696a64, type: 2}
  - {fileID: 2100000, guid: 086a1fe6bc969cd4b9cf1316687e2673, type: 2}
  - {fileID: 2100000, guid: bd35c244d7a19594ea9d1bcf30430775, type: 2}
  - {fileID: 2100000, guid: 5680da8ab27b91f48a8d496ec4a0536c, type: 2}
  - {fileID: 2100000, guid: 19d6ab3d769dc444c9366712ac0e598f, type: 2}
  - {fileID: 2100000, guid: 51a2a1c4e829e1340a5f5cd8ef807bd1, type: 2}
  - {fileID: 2100000, guid: 25b2af872d1528b4fa299e375c68a95d, type: 2}
  - {fileID: 2100000, guid: 714d35cf617f7be478bedbc11cde0106, type: 2}
  - {fileID: 2100000, guid: b70cffe2870d98947b709aed31467d75, type: 2}
  - {fileID: 2100000, guid: 0fa7c6ac6f893a2408131b4223e92f9a, type: 2}
  - {fileID: 2100000, guid: 55b619d909230ec44999b149ca01bcd3, type: 2}
  - {fileID: 2100000, guid: 845109d66c3cc214e82c8ad293516ca7, type: 2}
  - {fileID: 2100000, guid: 0c6b27b35d2164c409fb84117cc5e788, type: 2}
  - {fileID: 2100000, guid: a51cf04e8654e0448ab80feea29d9479, type: 2}
  - {fileID: 2100000, guid: 994ef177ea8f9e74c9b50284a36bfe5c, type: 2}
  - {fileID: 2100000, guid: 1c3c2c52677ff5549b84494641cdda40, type: 2}
  - {fileID: 2100000, guid: c076cb1c3f8b4f045b3966ecfa9a4af5, type: 2}
  - {fileID: 2100000, guid: 0c76c8fa2e62f654f84cd3b1e5e36b80, type: 2}
  - {fileID: 2100000, guid: 089b03a7c2632d5438f1d26abdec0c9f, type: 2}
  - {fileID: 2100000, guid: 1d063cb70764a194f86f9eaea95d3923, type: 2}
  - {fileID: 2100000, guid: 73598628bd1d16c41b641e1977e66e2a, type: 2}
  - {fileID: 2100000, guid: 0c0ff1eabec837d44ad3f024d35bc710, type: 2}
  - {fileID: 2100000, guid: c2f467601f77b364484d42bdde7c6618, type: 2}
  - {fileID: 2100000, guid: 81deee370f33f534eb5e0785e4c8cea5, type: 2}
  state: 1
  cutoutStandardSource: 2
  cutoutStandardSourceMapsMappingType: 1
  cutoutGeometricType: 4
  cutoutGeometricCount: 1
  edgeBaseSource: 3
  edgeAdditionalColorSource: 0
  edgeUVDistortionSource: 0
--- !u!4 &426645599
Transform:
  m_ObjectHideFlags: 0
  m_CorrespondingSourceObject: {fileID: 0}
  m_PrefabInstance: {fileID: 0}
  m_PrefabAsset: {fileID: 0}
  m_GameObject: {fileID: 426645597}
  m_LocalRotation: {x: 0, y: 0, z: 0, w: 1}
  m_LocalPosition: {x: 0, y: 0, z: 0}
  m_LocalScale: {x: 1, y: 1, z: 1}
  m_Children: []
  m_Father: {fileID: 0}
  m_RootOrder: 12
  m_LocalEulerAnglesHint: {x: 0, y: 0, z: 0}
--- !u!1 &581876909
GameObject:
  m_ObjectHideFlags: 0
  m_CorrespondingSourceObject: {fileID: 0}
  m_PrefabInstance: {fileID: 0}
  m_PrefabAsset: {fileID: 0}
  serializedVersion: 6
  m_Component:
  - component: {fileID: 581876911}
  - component: {fileID: 581876910}
  m_Layer: 0
  m_Name: Post Process Volume
  m_TagString: Untagged
  m_Icon: {fileID: 0}
  m_NavMeshLayer: 0
  m_StaticEditorFlags: 0
  m_IsActive: 1
--- !u!114 &581876910
MonoBehaviour:
  m_ObjectHideFlags: 0
  m_CorrespondingSourceObject: {fileID: 0}
  m_PrefabInstance: {fileID: 0}
  m_PrefabAsset: {fileID: 0}
  m_GameObject: {fileID: 581876909}
  m_Enabled: 1
  m_EditorHideFlags: 0
  m_Script: {fileID: 11500000, guid: 172515602e62fb746b5d573b38a5fe58, type: 3}
  m_Name: 
  m_EditorClassIdentifier: 
  isGlobal: 1
  priority: 0
  blendDistance: 0
  weight: 1
  sharedProfile: {fileID: 11400000, guid: c212e5eb77b106642bdc524308fc6465, type: 2}
--- !u!4 &581876911
Transform:
  m_ObjectHideFlags: 0
  m_CorrespondingSourceObject: {fileID: 0}
  m_PrefabInstance: {fileID: 0}
  m_PrefabAsset: {fileID: 0}
  m_GameObject: {fileID: 581876909}
  m_LocalRotation: {x: 0, y: 0, z: 0, w: 1}
  m_LocalPosition: {x: 0, y: 0.89, z: 0}
  m_LocalScale: {x: 1, y: 1, z: 1}
  m_Children: []
  m_Father: {fileID: 0}
  m_RootOrder: 3
  m_LocalEulerAnglesHint: {x: 0, y: 0, z: 0}
--- !u!1 &606807266
GameObject:
  m_ObjectHideFlags: 0
  m_CorrespondingSourceObject: {fileID: 0}
  m_PrefabInstance: {fileID: 0}
  m_PrefabAsset: {fileID: 0}
  serializedVersion: 6
  m_Component:
  - component: {fileID: 606807267}
  m_Layer: 0
  m_Name: Scene Assets
  m_TagString: Untagged
  m_Icon: {fileID: 0}
  m_NavMeshLayer: 0
  m_StaticEditorFlags: 0
  m_IsActive: 1
--- !u!4 &606807267
Transform:
  m_ObjectHideFlags: 0
  m_CorrespondingSourceObject: {fileID: 0}
  m_PrefabInstance: {fileID: 0}
  m_PrefabAsset: {fileID: 0}
  m_GameObject: {fileID: 606807266}
  m_LocalRotation: {x: 0, y: 0, z: 0, w: 1}
  m_LocalPosition: {x: 0, y: 0, z: 0}
  m_LocalScale: {x: 1, y: 1, z: 1}
  m_Children:
  - {fileID: 1246397293}
  - {fileID: 1363625691}
  m_Father: {fileID: 0}
  m_RootOrder: 6
  m_LocalEulerAnglesHint: {x: 0, y: 0, z: 0}
--- !u!1 &633196925
GameObject:
  m_ObjectHideFlags: 0
  m_CorrespondingSourceObject: {fileID: 0}
  m_PrefabInstance: {fileID: 0}
  m_PrefabAsset: {fileID: 0}
  serializedVersion: 6
  m_Component:
  - component: {fileID: 633196927}
  - component: {fileID: 633196926}
  m_Layer: 0
  m_Name: AD Geometric Masks Controller
  m_TagString: Untagged
  m_Icon: {fileID: 0}
  m_NavMeshLayer: 0
  m_StaticEditorFlags: 0
  m_IsActive: 1
--- !u!114 &633196926
MonoBehaviour:
  m_ObjectHideFlags: 0
  m_CorrespondingSourceObject: {fileID: 0}
  m_PrefabInstance: {fileID: 0}
  m_PrefabAsset: {fileID: 0}
  m_GameObject: {fileID: 633196925}
  m_Enabled: 1
  m_EditorHideFlags: 0
  m_Script: {fileID: 11500000, guid: dc14e87fe28d4784080c6918b96d71a9, type: 3}
  m_Name: 
  m_EditorClassIdentifier: 
  globalControlID: 0
  materials:
  - {fileID: 2100000, guid: 9c0e3698e352f174aa6ecf87db696a64, type: 2}
  - {fileID: 2100000, guid: 086a1fe6bc969cd4b9cf1316687e2673, type: 2}
  - {fileID: 2100000, guid: bd35c244d7a19594ea9d1bcf30430775, type: 2}
  - {fileID: 2100000, guid: 5680da8ab27b91f48a8d496ec4a0536c, type: 2}
  - {fileID: 2100000, guid: 19d6ab3d769dc444c9366712ac0e598f, type: 2}
  - {fileID: 2100000, guid: 51a2a1c4e829e1340a5f5cd8ef807bd1, type: 2}
  - {fileID: 2100000, guid: 25b2af872d1528b4fa299e375c68a95d, type: 2}
  - {fileID: 2100000, guid: 714d35cf617f7be478bedbc11cde0106, type: 2}
  - {fileID: 2100000, guid: b70cffe2870d98947b709aed31467d75, type: 2}
  - {fileID: 2100000, guid: 0fa7c6ac6f893a2408131b4223e92f9a, type: 2}
  - {fileID: 2100000, guid: 55b619d909230ec44999b149ca01bcd3, type: 2}
  - {fileID: 2100000, guid: 845109d66c3cc214e82c8ad293516ca7, type: 2}
  - {fileID: 2100000, guid: 0c6b27b35d2164c409fb84117cc5e788, type: 2}
  - {fileID: 2100000, guid: a51cf04e8654e0448ab80feea29d9479, type: 2}
  - {fileID: 2100000, guid: 994ef177ea8f9e74c9b50284a36bfe5c, type: 2}
  - {fileID: 2100000, guid: 1c3c2c52677ff5549b84494641cdda40, type: 2}
  - {fileID: 2100000, guid: c076cb1c3f8b4f045b3966ecfa9a4af5, type: 2}
  - {fileID: 2100000, guid: 0c76c8fa2e62f654f84cd3b1e5e36b80, type: 2}
  - {fileID: 2100000, guid: 089b03a7c2632d5438f1d26abdec0c9f, type: 2}
  - {fileID: 2100000, guid: 1d063cb70764a194f86f9eaea95d3923, type: 2}
  - {fileID: 2100000, guid: 73598628bd1d16c41b641e1977e66e2a, type: 2}
  - {fileID: 2100000, guid: 0c0ff1eabec837d44ad3f024d35bc710, type: 2}
  - {fileID: 2100000, guid: c2f467601f77b364484d42bdde7c6618, type: 2}
  - {fileID: 2100000, guid: 81deee370f33f534eb5e0785e4c8cea5, type: 2}
  updateMode: 1
  drawGizmos: 1
  type: 4
  count: 1
  xyzAxis: 2
  xyzStyle: 0
  xyzSpace: 0
  xyzRollout: 0
  xyzPivotPointTransform: {fileID: 0}
  xyzPivotPointPosition: {x: 0, y: 0, z: 1}
  target1StartPointTransform: {fileID: 751208042}
  target1EndPointTransform: {fileID: 0}
  target1StartPointPosition: {x: -0.7, y: 0.4, z: 2.5}
  target1EndPointPosition: {x: 0, y: 0, z: 0}
  target1Radius: 1.25
  target1Normal: {x: -0.70710677, y: -0.00000008940696, z: 0.70710677}
  target1Rotation: {x: -0, y: 0, z: 0}
  target1Size: {x: 1.8, y: 1.5, z: 1.6}
  target2StartPointTransform: {fileID: 0}
  target2EndPointTransform: {fileID: 0}
  target2StartPointPosition: {x: 0.8, y: 0.6, z: 0}
  target2EndPointPosition: {x: 0, y: 0, z: 0}
  target2Radius: 0.5
  target2Normal: {x: 0, y: 1, z: 0}
  target2Rotation: {x: 0, y: 65, z: 0}
  target2Size: {x: 2, y: 2.5, z: 3}
  target3StartPointTransform: {fileID: 0}
  target3EndPointTransform: {fileID: 0}
  target3StartPointPosition: {x: 0, y: 0, z: 0}
  target3EndPointPosition: {x: 0, y: 0, z: 0}
  target3Radius: 0
  target3Normal: {x: 0, y: 1, z: 0}
  target3Rotation: {x: 0, y: 0, z: 0}
  target3Size: {x: 1, y: 1, z: 1}
  target4StartPointTransform: {fileID: 0}
  target4EndPointTransform: {fileID: 0}
  target4StartPointPosition: {x: 0, y: 0, z: 0}
  target4EndPointPosition: {x: 0, y: 0, z: 0}
  target4Radius: 0
  target4Normal: {x: 0, y: 1, z: 0}
  target4Rotation: {x: 0, y: 0, z: 0}
  target4Size: {x: 1, y: 1, z: 1}
  invert: 0
  noise: 0.1
--- !u!4 &633196927
Transform:
  m_ObjectHideFlags: 0
  m_CorrespondingSourceObject: {fileID: 0}
  m_PrefabInstance: {fileID: 0}
  m_PrefabAsset: {fileID: 0}
  m_GameObject: {fileID: 633196925}
  m_LocalRotation: {x: 0, y: 0, z: 0, w: 1}
  m_LocalPosition: {x: 1.536, y: 0.146, z: -0.017}
  m_LocalScale: {x: 1, y: 1, z: 1}
  m_Children: []
  m_Father: {fileID: 0}
  m_RootOrder: 14
  m_LocalEulerAnglesHint: {x: 0, y: 0, z: 0}
--- !u!1 &751208038
GameObject:
  m_ObjectHideFlags: 0
  m_CorrespondingSourceObject: {fileID: 0}
  m_PrefabInstance: {fileID: 0}
  m_PrefabAsset: {fileID: 0}
  serializedVersion: 6
  m_Component:
  - component: {fileID: 751208042}
  - component: {fileID: 751208041}
  - component: {fileID: 751208040}
  m_Layer: 0
  m_Name: Cube (1)
  m_TagString: Untagged
  m_Icon: {fileID: 0}
  m_NavMeshLayer: 0
  m_StaticEditorFlags: 0
  m_IsActive: 1
--- !u!23 &751208040
MeshRenderer:
  m_ObjectHideFlags: 0
  m_CorrespondingSourceObject: {fileID: 0}
  m_PrefabInstance: {fileID: 0}
  m_PrefabAsset: {fileID: 0}
  m_GameObject: {fileID: 751208038}
  m_Enabled: 1
  m_CastShadows: 0
  m_ReceiveShadows: 1
  m_DynamicOccludee: 1
  m_MotionVectors: 1
  m_LightProbeUsage: 1
  m_ReflectionProbeUsage: 1
  m_RayTracingMode: 2
  m_RenderingLayerMask: 1
  m_RendererPriority: 0
  m_Materials:
  - {fileID: 2100000, guid: be9d662702fb7384ab684cfe53252840, type: 2}
  m_StaticBatchInfo:
    firstSubMesh: 0
    subMeshCount: 0
  m_StaticBatchRoot: {fileID: 0}
  m_ProbeAnchor: {fileID: 0}
  m_LightProbeVolumeOverride: {fileID: 0}
  m_ScaleInLightmap: 1
  m_ReceiveGI: 1
  m_PreserveUVs: 0
  m_IgnoreNormalsForChartDetection: 0
  m_ImportantGI: 0
  m_StitchLightmapSeams: 1
  m_SelectedEditorRenderState: 3
  m_MinimumChartSize: 4
  m_AutoUVMaxDistance: 0.5
  m_AutoUVMaxAngle: 89
  m_LightmapParameters: {fileID: 0}
  m_SortingLayerID: 0
  m_SortingLayer: 0
  m_SortingOrder: 0
--- !u!33 &751208041
MeshFilter:
  m_ObjectHideFlags: 0
  m_CorrespondingSourceObject: {fileID: 0}
  m_PrefabInstance: {fileID: 0}
  m_PrefabAsset: {fileID: 0}
  m_GameObject: {fileID: 751208038}
  m_Mesh: {fileID: 10202, guid: 0000000000000000e000000000000000, type: 0}
--- !u!4 &751208042
Transform:
  m_ObjectHideFlags: 0
  m_CorrespondingSourceObject: {fileID: 0}
  m_PrefabInstance: {fileID: 0}
  m_PrefabAsset: {fileID: 0}
  m_GameObject: {fileID: 751208038}
  m_LocalRotation: {x: -0, y: -0, z: -0, w: 1}
  m_LocalPosition: {x: -0.7, y: 0.4, z: 2.5}
  m_LocalScale: {x: 1.8, y: 1.5, z: 1.6}
  m_Children: []
  m_Father: {fileID: 0}
  m_RootOrder: 8
  m_LocalEulerAnglesHint: {x: 0, y: 0, z: 0}
--- !u!1001 &1246397292
PrefabInstance:
  m_ObjectHideFlags: 0
  serializedVersion: 2
  m_Modification:
    m_TransformParent: {fileID: 606807267}
    m_Modifications:
    - target: {fileID: 1057620302555706, guid: dd0f9abd67a40264eac608d7adcc1756, type: 3}
      propertyPath: m_Name
      value: Props
      objectReference: {fileID: 0}
    - target: {fileID: 4206792678894742, guid: dd0f9abd67a40264eac608d7adcc1756, type: 3}
      propertyPath: m_RootOrder
      value: 0
      objectReference: {fileID: 0}
    - target: {fileID: 4206792678894742, guid: dd0f9abd67a40264eac608d7adcc1756, type: 3}
      propertyPath: m_LocalPosition.x
      value: 1.67
      objectReference: {fileID: 0}
    - target: {fileID: 4206792678894742, guid: dd0f9abd67a40264eac608d7adcc1756, type: 3}
      propertyPath: m_LocalPosition.y
      value: 0.31
      objectReference: {fileID: 0}
    - target: {fileID: 4206792678894742, guid: dd0f9abd67a40264eac608d7adcc1756, type: 3}
      propertyPath: m_LocalPosition.z
      value: 0.7
      objectReference: {fileID: 0}
    - target: {fileID: 4206792678894742, guid: dd0f9abd67a40264eac608d7adcc1756, type: 3}
      propertyPath: m_LocalRotation.w
      value: 1
      objectReference: {fileID: 0}
    - target: {fileID: 4206792678894742, guid: dd0f9abd67a40264eac608d7adcc1756, type: 3}
      propertyPath: m_LocalRotation.x
      value: -0
      objectReference: {fileID: 0}
    - target: {fileID: 4206792678894742, guid: dd0f9abd67a40264eac608d7adcc1756, type: 3}
      propertyPath: m_LocalRotation.y
      value: -0
      objectReference: {fileID: 0}
    - target: {fileID: 4206792678894742, guid: dd0f9abd67a40264eac608d7adcc1756, type: 3}
      propertyPath: m_LocalRotation.z
      value: -0
      objectReference: {fileID: 0}
    - target: {fileID: 4206792678894742, guid: dd0f9abd67a40264eac608d7adcc1756, type: 3}
      propertyPath: m_LocalEulerAnglesHint.x
      value: 0
      objectReference: {fileID: 0}
    - target: {fileID: 4206792678894742, guid: dd0f9abd67a40264eac608d7adcc1756, type: 3}
      propertyPath: m_LocalEulerAnglesHint.y
      value: 0
      objectReference: {fileID: 0}
    - target: {fileID: 4206792678894742, guid: dd0f9abd67a40264eac608d7adcc1756, type: 3}
      propertyPath: m_LocalEulerAnglesHint.z
      value: 0
      objectReference: {fileID: 0}
    - target: {fileID: 114600619644317088, guid: dd0f9abd67a40264eac608d7adcc1756,
        type: 3}
      propertyPath: useVolumetric
      value: 0
      objectReference: {fileID: 0}
    m_RemovedComponents: []
  m_SourcePrefab: {fileID: 100100000, guid: dd0f9abd67a40264eac608d7adcc1756, type: 3}
--- !u!4 &1246397293 stripped
Transform:
  m_CorrespondingSourceObject: {fileID: 4206792678894742, guid: dd0f9abd67a40264eac608d7adcc1756,
    type: 3}
  m_PrefabInstance: {fileID: 1246397292}
  m_PrefabAsset: {fileID: 0}
--- !u!1001 &1363625690
PrefabInstance:
  m_ObjectHideFlags: 0
  serializedVersion: 2
  m_Modification:
    m_TransformParent: {fileID: 606807267}
    m_Modifications:
    - target: {fileID: 1281567930798800, guid: e9578eb5f797f7146a465a76453ca2ce, type: 3}
      propertyPath: m_Name
      value: Workshop Set
      objectReference: {fileID: 0}
    - target: {fileID: 4277498391999412, guid: e9578eb5f797f7146a465a76453ca2ce, type: 3}
      propertyPath: m_RootOrder
      value: 1
      objectReference: {fileID: 0}
    - target: {fileID: 4277498391999412, guid: e9578eb5f797f7146a465a76453ca2ce, type: 3}
      propertyPath: m_LocalPosition.x
      value: 0
      objectReference: {fileID: 0}
    - target: {fileID: 4277498391999412, guid: e9578eb5f797f7146a465a76453ca2ce, type: 3}
      propertyPath: m_LocalPosition.y
      value: 0
      objectReference: {fileID: 0}
    - target: {fileID: 4277498391999412, guid: e9578eb5f797f7146a465a76453ca2ce, type: 3}
      propertyPath: m_LocalPosition.z
      value: 0
      objectReference: {fileID: 0}
    - target: {fileID: 4277498391999412, guid: e9578eb5f797f7146a465a76453ca2ce, type: 3}
      propertyPath: m_LocalRotation.w
      value: 1
      objectReference: {fileID: 0}
    - target: {fileID: 4277498391999412, guid: e9578eb5f797f7146a465a76453ca2ce, type: 3}
      propertyPath: m_LocalRotation.x
      value: 0
      objectReference: {fileID: 0}
    - target: {fileID: 4277498391999412, guid: e9578eb5f797f7146a465a76453ca2ce, type: 3}
      propertyPath: m_LocalRotation.y
      value: 0
      objectReference: {fileID: 0}
    - target: {fileID: 4277498391999412, guid: e9578eb5f797f7146a465a76453ca2ce, type: 3}
      propertyPath: m_LocalRotation.z
      value: 0
      objectReference: {fileID: 0}
    - target: {fileID: 4277498391999412, guid: e9578eb5f797f7146a465a76453ca2ce, type: 3}
      propertyPath: m_LocalEulerAnglesHint.x
      value: 0
      objectReference: {fileID: 0}
    - target: {fileID: 4277498391999412, guid: e9578eb5f797f7146a465a76453ca2ce, type: 3}
      propertyPath: m_LocalEulerAnglesHint.y
      value: 0
      objectReference: {fileID: 0}
    - target: {fileID: 4277498391999412, guid: e9578eb5f797f7146a465a76453ca2ce, type: 3}
      propertyPath: m_LocalEulerAnglesHint.z
      value: 0
      objectReference: {fileID: 0}
    m_RemovedComponents: []
  m_SourcePrefab: {fileID: 100100000, guid: e9578eb5f797f7146a465a76453ca2ce, type: 3}
--- !u!4 &1363625691 stripped
Transform:
  m_CorrespondingSourceObject: {fileID: 4277498391999412, guid: e9578eb5f797f7146a465a76453ca2ce,
    type: 3}
  m_PrefabInstance: {fileID: 1363625690}
  m_PrefabAsset: {fileID: 0}
--- !u!1 &1547029145
GameObject:
  m_ObjectHideFlags: 0
  m_CorrespondingSourceObject: {fileID: 1639467064323808, guid: 831f7474a5c14654a9e30be0a073c2a8,
    type: 2}
  m_PrefabInstance: {fileID: 0}
  m_PrefabAsset: {fileID: 0}
  serializedVersion: 6
  m_Component:
  - component: {fileID: 1547029146}
  - component: {fileID: 1547029147}
  m_Layer: 0
  m_Name: Light Probe Group
  m_TagString: Untagged
  m_Icon: {fileID: 0}
  m_NavMeshLayer: 0
  m_StaticEditorFlags: 0
  m_IsActive: 1
--- !u!4 &1547029146
Transform:
  m_ObjectHideFlags: 0
  m_CorrespondingSourceObject: {fileID: 4676111292229452, guid: 831f7474a5c14654a9e30be0a073c2a8,
    type: 2}
  m_PrefabInstance: {fileID: 0}
  m_PrefabAsset: {fileID: 0}
  m_GameObject: {fileID: 1547029145}
  m_LocalRotation: {x: -0, y: 0.7071068, z: -0, w: 0.7071068}
  m_LocalPosition: {x: 0, y: 0, z: 0}
  m_LocalScale: {x: 1, y: 1, z: 1}
  m_Children: []
  m_Father: {fileID: 0}
  m_RootOrder: 4
  m_LocalEulerAnglesHint: {x: 0, y: 0, z: 0}
--- !u!220 &1547029147
LightProbeGroup:
  m_ObjectHideFlags: 0
  m_CorrespondingSourceObject: {fileID: 220269653436403174, guid: 831f7474a5c14654a9e30be0a073c2a8,
    type: 2}
  m_PrefabInstance: {fileID: 0}
  m_PrefabAsset: {fileID: 0}
  m_GameObject: {fileID: 1547029145}
  m_Enabled: 1
  m_SourcePositions:
  - {x: 3.105528, y: 0.16895413, z: 2.4095447}
  - {x: 3.0649188, y: 0.16895413, z: 0.88884413}
  - {x: -1.0584239, y: 1.1217368, z: 2.7403114}
  - {x: -1.7438574, y: 0.16895413, z: -1.2226346}
  - {x: 2.1004357, y: 0.16895413, z: 0.8648969}
  - {x: -1.7078182, y: 0.8534832, z: 2.3771396}
  - {x: -1.7438574, y: 0.16895413, z: -0.26830465}
  - {x: 1.7247949, y: 0.16895413, z: 0.11532086}
  - {x: 1.7499919, y: 0.16895413, z: -0.26830465}
  - {x: 1.7247949, y: 0.16895413, z: -1.2226346}
  - {x: -0.49640164, y: 0.16895413, z: -0.26830453}
  - {x: 1.7247949, y: 0.16895413, z: 0.11532086}
  - {x: 1.7247949, y: 0.16895413, z: 3.6209083}
  - {x: 1.7247949, y: 0.16895413, z: 3.6209083}
  - {x: 1.7247949, y: 0.16895413, z: 3.6209083}
  - {x: 1.7247949, y: 0.16895413, z: 3.6209083}
  - {x: 1.7247949, y: 0.16895413, z: 3.6209083}
  - {x: 1.7247949, y: 0.16895413, z: 3.6209083}
  - {x: 1.7247949, y: 0.16895413, z: 3.6209083}
  - {x: 1.7247949, y: 0.16895413, z: 3.6209083}
  - {x: 3.105528, y: 2.137173, z: 2.4095447}
  - {x: 3.0649185, y: 0.6519439, z: 2.0175197}
  - {x: 0.23031196, y: 2.137173, z: 3.6209083}
  - {x: -1.7438574, y: 2.137173, z: -1.2226346}
  - {x: 2.1004357, y: 0.6519439, z: 1.9935725}
  - {x: -1.7438574, y: 2.137173, z: 2.0342152}
  - {x: -1.7438574, y: 2.137173, z: -0.26830465}
  - {x: 1.7247949, y: 2.137173, z: 0.11532086}
  - {x: 1.7499919, y: 2.137173, z: -0.26830465}
  - {x: 1.7247949, y: 2.137173, z: -1.2226346}
  - {x: -0.6874457, y: 2.137173, z: 2.4426017}
  - {x: -0.49640164, y: 2.137173, z: -0.26830453}
  - {x: 1.7247949, y: 2.137173, z: 0.11532086}
  - {x: 1.7247949, y: 2.137173, z: 3.6209083}
  - {x: 1.7247949, y: 2.137173, z: 3.6209083}
  - {x: 1.7247949, y: 2.137173, z: 3.6209083}
  - {x: 1.7247949, y: 2.137173, z: 3.6209083}
  - {x: 1.7247949, y: 2.137173, z: 3.6209083}
  - {x: 1.7247949, y: 2.137173, z: 3.6209083}
  - {x: 1.7247949, y: 2.137173, z: 3.6209083}
  - {x: 1.7247949, y: 2.137173, z: 3.6209083}
  - {x: 3.0649188, y: 0.16895413, z: 0.88884413}
  - {x: 3.0649185, y: 0.6519439, z: 2.0175197}
  - {x: 3.0649188, y: 0.16895413, z: -1.2226346}
  - {x: 3.0649188, y: 2.137173, z: -1.2226346}
  - {x: 3.0649188, y: 0.16895413, z: -1.2226346}
  - {x: 3.0649188, y: 2.137173, z: -1.2226346}
  - {x: -0.49640164, y: 0.16895413, z: 0.11532098}
  - {x: -0.49640164, y: 2.137173, z: 0.11532098}
  - {x: 2.1137934, y: 0.16895413, z: 2.0019345}
  - {x: 2.1137934, y: 2.137173, z: 2.0019345}
  - {x: -1.7438574, y: 0.16895413, z: 0.11532086}
  - {x: -1.7438574, y: 2.137173, z: 0.11532086}
  - {x: 1.054212, y: 0.16895413, z: 2.411922}
  - {x: 1.054212, y: 2.137173, z: 2.411922}
  - {x: 0.3626945, y: 0.16895413, z: 2.0019345}
  - {x: 0.3626945, y: 2.137173, z: 2.0019345}
  - {x: -1.4774848, y: 0.8719945, z: 3.0514278}
  - {x: -1.7438574, y: 2.137173, z: 3.6209083}
  - {x: -1.0676951, y: 0.16895413, z: 2.9097056}
  - {x: -0.7975282, y: 0.56283283, z: 3.0660741}
  - {x: -1.7438574, y: 0.16895413, z: 3.6209083}
  - {x: 0.23031196, y: 0.16895413, z: 3.6209083}
  - {x: -0.6072879, y: 0.16895413, z: 3.256002}
  - {x: -1.3810283, y: 0.51661086, z: 2.9244456}
  - {x: -1.7438574, y: 0.16895413, z: 2.0342152}
  - {x: 3.105528, y: 0.16895413, z: 3.6209083}
  - {x: 3.105528, y: 2.137173, z: 3.6209083}
  - {x: 2.1004357, y: 0.16895413, z: 0.08172482}
  - {x: 3.0649188, y: 0.16895413, z: 0.10567212}
  - {x: 3.0649188, y: 0.16895413, z: 0.10567212}
  - {x: 3.0649188, y: 2.137173, z: 0.10567212}
  - {x: 3.0649188, y: 2.137173, z: 0.10567212}
  - {x: 2.1004357, y: 2.137173, z: 0.08172482}
  - {x: 3.0649188, y: 2.137173, z: 0.88884413}
  - {x: 2.1004357, y: 2.137173, z: 0.8648969}
  - {x: 3.0649188, y: 2.137173, z: 0.88884413}
  - {x: 3.0649188, y: 0.6519439, z: 0.88884413}
  - {x: 2.1004357, y: 0.6519439, z: 0.8648969}
  - {x: 3.0649188, y: 0.6519439, z: 0.88884413}
  - {x: 3.0649188, y: 0.6519439, z: 1.3790772}
  - {x: 2.1004357, y: 0.6519439, z: 1.35513}
  - {x: -1.7438573, y: 2.137173, z: 1.3957727}
  - {x: 3.0649188, y: 0.6519439, z: 1.3790772}
  - {x: 2.1137934, y: 0.16895413, z: 1.363492}
  - {x: 2.1137934, y: 2.137173, z: 1.363492}
  - {x: 0.36269462, y: 0.16895413, z: 1.363492}
  - {x: 0.36269462, y: 2.137173, z: 1.363492}
  - {x: -1.7438573, y: 0.16895413, z: 1.3957727}
  - {x: 3.0649185, y: 1.0357099, z: 2.0175197}
  - {x: 2.1004357, y: 1.0357099, z: 1.9935725}
  - {x: 3.0649185, y: 1.0357099, z: 2.0175197}
  - {x: 3.0649188, y: 1.0357099, z: 0.88884413}
  - {x: 2.1004357, y: 1.0357099, z: 0.8648969}
  - {x: 3.0649188, y: 1.0357099, z: 0.88884413}
  - {x: 3.0649188, y: 1.0357099, z: 1.3790772}
  - {x: 2.1004357, y: 1.0357099, z: 1.35513}
  - {x: 3.0649188, y: 1.0357099, z: 1.3790772}
  - {x: 3.0649185, y: 1.6615444, z: 2.0175197}
  - {x: 2.1004357, y: 1.6615444, z: 1.9935725}
  - {x: 3.0649185, y: 1.6615444, z: 2.0175197}
  - {x: 3.0649188, y: 1.6615444, z: 0.88884413}
  - {x: 2.1004357, y: 1.6615444, z: 0.8648969}
  - {x: 3.0649188, y: 1.6615444, z: 0.88884413}
  - {x: 3.0649188, y: 1.6615444, z: 1.3790772}
  - {x: 2.1004357, y: 1.6615444, z: 1.35513}
  - {x: 3.0649188, y: 1.6615444, z: 1.3790772}
  - {x: -1.4713501, y: 0.63955027, z: 2.5137973}
  - {x: -0.68649423, y: 0.51661086, z: 2.327536}
  - {x: -0.8738291, y: 0.51661086, z: 2.5225298}
  m_Dering: 0
--- !u!1 &1555966386
GameObject:
  m_ObjectHideFlags: 0
  m_CorrespondingSourceObject: {fileID: 0}
  m_PrefabInstance: {fileID: 0}
  m_PrefabAsset: {fileID: 0}
  serializedVersion: 6
  m_Component:
  - component: {fileID: 1555966389}
  - component: {fileID: 1555966388}
  - component: {fileID: 1555966387}
  m_Layer: 0
  m_Name: Directional Light
  m_TagString: Untagged
  m_Icon: {fileID: 0}
  m_NavMeshLayer: 0
  m_StaticEditorFlags: 0
  m_IsActive: 1
--- !u!114 &1555966387
MonoBehaviour:
  m_ObjectHideFlags: 0
  m_CorrespondingSourceObject: {fileID: 0}
  m_PrefabInstance: {fileID: 0}
  m_PrefabAsset: {fileID: 0}
  m_GameObject: {fileID: 1555966386}
  m_Enabled: 1
  m_EditorHideFlags: 0
  m_Script: {fileID: 11500000, guid: 7a68c43fe1f2a47cfa234b5eeaa98012, type: 3}
  m_Name: 
  m_EditorClassIdentifier: 
  m_Version: 10
  m_ObsoleteShadowResolutionTier: 2
  m_ObsoleteUseShadowQualitySettings: 1
  m_ObsoleteCustomShadowResolution: 1024
  m_ObsoleteContactShadows: 1
  m_PointlightHDType: 0
  m_SpotLightShape: 0
  m_AreaLightShape: 0
  m_Intensity: 20000
  m_EnableSpotReflector: 0
  m_LuxAtDistance: 1
  m_InnerSpotPercent: 0
  m_LightDimmer: 1
  m_VolumetricDimmer: 1
  m_LightUnit: 2
  m_FadeDistance: 10000
  m_AffectDiffuse: 1
  m_AffectSpecular: 1
  m_NonLightmappedOnly: 0
  m_ShapeWidth: 0.5
  m_ShapeHeight: 0.5
  m_AspectRatio: 1
  m_ShapeRadius: 0
  m_SoftnessScale: 1
  m_UseCustomSpotLightShadowCone: 0
  m_CustomSpotLightShadowCone: 30
  m_MaxSmoothness: 1
  m_ApplyRangeAttenuation: 1
  m_DisplayAreaLightEmissiveMesh: 0
  m_AreaLightCookie: {fileID: 0}
  m_AreaLightShadowCone: 120
  m_UseScreenSpaceShadows: 0
  m_InteractsWithSky: 1
  m_AngularDiameter: 0.53
  m_FlareSize: 2
  m_FlareTint: {r: 1, g: 1, b: 1, a: 1}
  m_FlareFalloff: 4
  m_SurfaceTexture: {fileID: 0}
  m_SurfaceTint: {r: 1, g: 1, b: 1, a: 1}
  m_Distance: 150000000
  m_UseRayTracedShadows: 0
  m_NumRayTracingSamples: 4
  m_FilterTracedShadow: 1
  m_FilterSizeTraced: 16
  m_SunLightConeAngle: 0.5
  m_LightShadowRadius: 0.5
  m_SemiTransparentShadow: 0
  m_ColorShadow: 1
  m_EvsmExponent: 15
  m_EvsmLightLeakBias: 0
  m_EvsmVarianceBias: 0.00001
  m_EvsmBlurPasses: 0
  m_LightlayersMask: 1
  m_LinkShadowLayers: 1
  m_ShadowNearPlane: 0.1
  m_BlockerSampleCount: 24
  m_FilterSampleCount: 32
  m_MinFilterSize: 0.01
  m_KernelSize: 5
  m_LightAngle: 1
  m_MaxDepthBias: 0.001
  m_ShadowResolution:
    m_Override: 1024
    m_UseOverride: 0
    m_Level: 2
  m_ShadowDimmer: 0.75
  m_VolumetricShadowDimmer: 1
  m_ShadowFadeDistance: 10000
  m_UseContactShadow:
    m_Override: 1
    m_UseOverride: 0
    m_Level: 2
  m_RayTracedContactShadow: 0
  m_ShadowTint: {r: 0, g: 0, b: 0, a: 1}
  m_PenumbraTint: 0
  m_NormalBias: 0.75
  m_SlopeBias: 0.5
  m_ShadowUpdateMode: 0
  m_BarnDoorAngle: 90
  m_BarnDoorLength: 0.05
  m_ShadowCascadeRatios:
  - 0.005
  - 0.015
  - 0.3
  m_ShadowCascadeBorders:
  - 0
  - 0
  - 0
  - 0.2
  m_ShadowAlgorithm: 0
  m_ShadowVariant: 3
  m_ShadowPrecision: 0
  useOldInspector: 0
  useVolumetric: 1
  featuresFoldout: 1
  showAdditionalSettings: 8
  m_AreaLightEmissiveMeshShadowCastingMode: 0
  m_AreaLightEmissiveMeshMotionVectorGenerationMode: 0
  m_AreaLightEmissiveMeshLayer: -1
--- !u!108 &1555966388
Light:
  m_ObjectHideFlags: 0
  m_CorrespondingSourceObject: {fileID: 0}
  m_PrefabInstance: {fileID: 0}
  m_PrefabAsset: {fileID: 0}
  m_GameObject: {fileID: 1555966386}
  m_Enabled: 1
  serializedVersion: 10
  m_Type: 1
  m_Shape: 0
  m_Color: {r: 0.6792453, g: 0.6792453, b: 0.6792453, a: 1}
  m_Intensity: 20000
  m_Range: 10
  m_SpotAngle: 30
  m_InnerSpotAngle: 21.802082
  m_CookieSize: 10
  m_Shadows:
    m_Type: 1
    m_Resolution: -1
    m_CustomResolution: -1
    m_Strength: 1
    m_Bias: 0.01
    m_NormalBias: 0.1
    m_NearPlane: 0.1
    m_CullingMatrixOverride:
      e00: 1
      e01: 0
      e02: 0
      e03: 0
      e10: 0
      e11: 1
      e12: 0
      e13: 0
      e20: 0
      e21: 0
      e22: 1
      e23: 0
      e30: 0
      e31: 0
      e32: 0
      e33: 1
    m_UseCullingMatrixOverride: 0
  m_Cookie: {fileID: 0}
  m_DrawHalo: 0
  m_Flare: {fileID: 0}
  m_RenderMode: 0
  m_CullingMask:
    serializedVersion: 2
    m_Bits: 4294967295
  m_RenderingLayerMask: 1
  m_Lightmapping: 1
  m_LightShadowCasterMode: 0
  m_AreaSize: {x: 0.5, y: 0.5}
  m_BounceIntensity: 1
  m_ColorTemperature: 5500
  m_UseColorTemperature: 0
  m_BoundingSphereOverride: {x: 0, y: 0, z: 0, w: 0}
  m_UseBoundingSphereOverride: 0
  m_ShadowRadius: 0
  m_ShadowAngle: 0.53
--- !u!4 &1555966389
Transform:
  m_ObjectHideFlags: 0
  m_CorrespondingSourceObject: {fileID: 0}
  m_PrefabInstance: {fileID: 0}
  m_PrefabAsset: {fileID: 0}
  m_GameObject: {fileID: 1555966386}
  m_LocalRotation: {x: -0.5370725, y: -0.5907235, z: 0.082767636, w: -0.5964465}
  m_LocalPosition: {x: 0, y: 1.33, z: -1.42}
  m_LocalScale: {x: 1, y: 1, z: 1}
  m_Children: []
  m_Father: {fileID: 0}
  m_RootOrder: 1
  m_LocalEulerAnglesHint: {x: 47.600002, y: 474.05, z: 52.616}
--- !u!1 &1988217480
GameObject:
  m_ObjectHideFlags: 0
  m_CorrespondingSourceObject: {fileID: 0}
  m_PrefabInstance: {fileID: 0}
  m_PrefabAsset: {fileID: 0}
  serializedVersion: 6
  m_Component:
  - component: {fileID: 1988217481}
  m_Layer: 0
  m_Name: --------------------------------------------------------
  m_TagString: Untagged
  m_Icon: {fileID: 0}
  m_NavMeshLayer: 0
  m_StaticEditorFlags: 0
  m_IsActive: 1
--- !u!4 &1988217481
Transform:
  m_ObjectHideFlags: 0
  m_CorrespondingSourceObject: {fileID: 0}
  m_PrefabInstance: {fileID: 0}
  m_PrefabAsset: {fileID: 0}
  m_GameObject: {fileID: 1988217480}
  m_LocalRotation: {x: 0, y: 0, z: 0, w: 1}
  m_LocalPosition: {x: 1.0454785, y: 0.42808226, z: -0.3334269}
  m_LocalScale: {x: 1, y: 1, z: 1}
  m_Children: []
  m_Father: {fileID: 0}
  m_RootOrder: 5
  m_LocalEulerAnglesHint: {x: 0, y: 0, z: 0}
--- !u!1 &2053984270
GameObject:
  m_ObjectHideFlags: 0
  m_CorrespondingSourceObject: {fileID: 0}
  m_PrefabInstance: {fileID: 0}
  m_PrefabAsset: {fileID: 0}
  serializedVersion: 6
  m_Component:
  - component: {fileID: 2053984274}
  - component: {fileID: 2053984273}
  - component: {fileID: 2053984272}
  - component: {fileID: 2053984271}
  m_Layer: 0
  m_Name: Main Camera
  m_TagString: MainCamera
  m_Icon: {fileID: 0}
  m_NavMeshLayer: 0
  m_StaticEditorFlags: 0
  m_IsActive: 1
--- !u!114 &2053984271
MonoBehaviour:
  m_ObjectHideFlags: 0
  m_CorrespondingSourceObject: {fileID: 0}
  m_PrefabInstance: {fileID: 0}
  m_PrefabAsset: {fileID: 0}
  m_GameObject: {fileID: 2053984270}
  m_Enabled: 1
  m_EditorHideFlags: 0
  m_Script: {fileID: 11500000, guid: 23c1ce4fb46143f46bc5cb5224c934f6, type: 3}
  m_Name: 
  m_EditorClassIdentifier: 
  m_Version: 7
  m_ObsoleteRenderingPath: 0
  m_ObsoleteFrameSettings:
    overrides: 0
    enableShadow: 0
    enableContactShadows: 0
    enableShadowMask: 0
    enableSSR: 0
    enableSSAO: 0
    enableSubsurfaceScattering: 0
    enableTransmission: 0
    enableAtmosphericScattering: 0
    enableVolumetrics: 0
    enableReprojectionForVolumetrics: 0
    enableLightLayers: 0
    enableExposureControl: 1
    diffuseGlobalDimmer: 0
    specularGlobalDimmer: 0
    shaderLitMode: 0
    enableDepthPrepassWithDeferredRendering: 0
    enableTransparentPrepass: 0
    enableMotionVectors: 0
    enableObjectMotionVectors: 0
    enableDecals: 0
    enableRoughRefraction: 0
    enableTransparentPostpass: 0
    enableDistortion: 0
    enablePostprocess: 0
    enableOpaqueObjects: 0
    enableTransparentObjects: 0
    enableRealtimePlanarReflection: 0
    enableMSAA: 0
    enableAsyncCompute: 0
    runLightListAsync: 0
    runSSRAsync: 0
    runSSAOAsync: 0
    runContactShadowsAsync: 0
    runVolumeVoxelizationAsync: 0
    lightLoopSettings:
      overrides: 0
      enableDeferredTileAndCluster: 0
      enableComputeLightEvaluation: 0
      enableComputeLightVariants: 0
      enableComputeMaterialVariants: 0
      enableFptlForForwardOpaque: 0
      enableBigTilePrepass: 0
      isFptlEnabled: 0
  clearColorMode: 0
  backgroundColorHDR: {r: 0.025, g: 0.07, b: 0.19, a: 0}
  clearDepth: 1
  volumeLayerMask:
    serializedVersion: 2
    m_Bits: 1
  volumeAnchorOverride: {fileID: 0}
  antialiasing: 3
  SMAAQuality: 2
  dithering: 1
  stopNaNs: 0
  taaSharpenStrength: 0.6
  physicalParameters:
    m_Iso: 200
    m_ShutterSpeed: 0.005
    m_Aperture: 16
    m_BladeCount: 5
    m_Curvature: {x: 2, y: 11}
    m_BarrelClipping: 0.25
    m_Anamorphism: 0
  flipYMode: 0
  fullscreenPassthrough: 0
  allowDynamicResolution: 0
  customRenderingSettings: 0
  invertFaceCulling: 0
  probeLayerMask:
    serializedVersion: 2
    m_Bits: 4294967295
  hasPersistentHistory: 0
  m_RenderingPathCustomFrameSettings:
    bitDatas:
      data1: 68906302766941
      data2: 4539628424389459968
    lodBias: 1
    lodBiasMode: 0
    lodBiasQualityLevel: 0
    maximumLODLevel: 0
    maximumLODLevelMode: 0
    maximumLODLevelQualityLevel: 0
    materialQuality: 0
  renderingPathCustomFrameSettingsOverrideMask:
    mask:
      data1: 0
      data2: 0
  defaultFrameSettings: 0
--- !u!81 &2053984272
AudioListener:
  m_ObjectHideFlags: 0
  m_CorrespondingSourceObject: {fileID: 0}
  m_PrefabInstance: {fileID: 0}
  m_PrefabAsset: {fileID: 0}
  m_GameObject: {fileID: 2053984270}
  m_Enabled: 1
--- !u!20 &2053984273
Camera:
  m_ObjectHideFlags: 0
  m_CorrespondingSourceObject: {fileID: 0}
  m_PrefabInstance: {fileID: 0}
  m_PrefabAsset: {fileID: 0}
  m_GameObject: {fileID: 2053984270}
  m_Enabled: 1
  serializedVersion: 2
  m_ClearFlags: 1
  m_BackGroundColor: {r: 0.19215687, g: 0.3019608, b: 0.4745098, a: 0}
  m_projectionMatrixMode: 1
  m_GateFitMode: 2
  m_FOVAxisMode: 1
  m_SensorSize: {x: 36, y: 24}
  m_LensShift: {x: 0, y: 0}
  m_FocalLength: 18
  m_NormalizedViewPortRect:
    serializedVersion: 2
    x: 0
    y: 0
    width: 1
    height: 1
  near clip plane: 0.3
  far clip plane: 1000
  field of view: 33.750717
  orthographic: 0
  orthographic size: 5
  m_Depth: -1
  m_CullingMask:
    serializedVersion: 2
    m_Bits: 4294967295
  m_RenderingPath: -1
  m_TargetTexture: {fileID: 0}
  m_TargetDisplay: 0
  m_TargetEye: 3
  m_HDR: 0
  m_AllowMSAA: 0
  m_AllowDynamicResolution: 0
  m_ForceIntoRT: 1
  m_OcclusionCulling: 1
  m_StereoConvergence: 10
  m_StereoSeparation: 0.022
--- !u!4 &2053984274
Transform:
  m_ObjectHideFlags: 0
  m_CorrespondingSourceObject: {fileID: 0}
  m_PrefabInstance: {fileID: 0}
  m_PrefabAsset: {fileID: 0}
  m_GameObject: {fileID: 2053984270}
  m_LocalRotation: {x: 0.118288346, y: 0.69714266, z: -0.118288346, w: 0.69714266}
  m_LocalPosition: {x: -6.65, y: 3.23, z: 1.07}
  m_LocalScale: {x: 1, y: 1, z: 1}
  m_Children: []
  m_Father: {fileID: 0}
  m_RootOrder: 0
  m_LocalEulerAnglesHint: {x: 19.26, y: 90, z: 0}
--- !u!1 &2077052627
GameObject:
  m_ObjectHideFlags: 0
  m_CorrespondingSourceObject: {fileID: 0}
  m_PrefabInstance: {fileID: 0}
  m_PrefabAsset: {fileID: 0}
  serializedVersion: 6
  m_Component:
  - component: {fileID: 2077052628}
  m_Layer: 0
  m_Name: --------------------------------------------------------
  m_TagString: Untagged
  m_Icon: {fileID: 0}
  m_NavMeshLayer: 0
  m_StaticEditorFlags: 0
  m_IsActive: 1
--- !u!4 &2077052628
Transform:
  m_ObjectHideFlags: 0
  m_CorrespondingSourceObject: {fileID: 0}
  m_PrefabInstance: {fileID: 0}
  m_PrefabAsset: {fileID: 0}
  m_GameObject: {fileID: 2077052627}
  m_LocalRotation: {x: 0, y: 0, z: 0, w: 1}
  m_LocalPosition: {x: 1.0454785, y: 0.42808226, z: -0.3334269}
  m_LocalScale: {x: 1, y: 1, z: 1}
  m_Children: []
  m_Father: {fileID: 0}
  m_RootOrder: 11
  m_LocalEulerAnglesHint: {x: 0, y: 0, z: 0}
